<?xml version="1.0" encoding="UTF-8"?>
<zs:searchRetrieveResponse xmlns:zs="http://www.loc.gov/zing/srw/">
  <zs:version>1.1</zs:version>
  <zs:numberOfRecords>189</zs:numberOfRecords>
  <zs:records>
    <zs:record>
      <zs:recordSchema/>
      <zs:recordPacking>xml</zs:recordPacking>
      <zs:recordData>
        <record xmlns="http://www.loc.gov/MARC21/slim">
          <leader>06817cgm a2200889 a 4500</leader>
          <controlfield tag="001">11676662</controlfield>
          <controlfield tag="005">20231017164549.0</controlfield>
          <controlfield tag="007">mr cdabf|nara||ai------</controlfield>
          <controlfield tag="007">mr cdabf|naza||ai------</controlfield>
          <controlfield tag="007">mr cda|gsnaza||ac------</controlfield>
          <controlfield tag="008">960624s1956    xxu182            mleng  </controlfield>
          <datafield tag="906" ind1=" " ind2=" ">
            <subfield code="a">7</subfield>
            <subfield code="b">cbc</subfield>
            <subfield code="c">orignew</subfield>
            <subfield code="d">u</subfield>
            <subfield code="e">ncip</subfield>
            <subfield code="f">19</subfield>
            <subfield code="g">y-movingim</subfield>
          </datafield>
          <datafield tag="955" ind1=" " ind2=" ">
            <subfield code="u">be21 2023-05-11 BFM (Telework)</subfield>
            <subfield code="i">qm22 2023-10-17</subfield>
          </datafield>
          <datafield tag="010" ind1=" " ind2=" ">
            <subfield code="a">   96512132 </subfield>
          </datafield>
          <datafield tag="017" ind1=" " ind2=" ">
            <subfield code="a">LP9127</subfield>
            <subfield code="b">U.S. Copyright Office</subfield>
          </datafield>
          <datafield tag="035" ind1=" " ind2=" ">
            <subfield code="9">(DLC)   96512132</subfield>
          </datafield>
          <datafield tag="040" ind1=" " ind2=" ">
            <subfield code="a">DLC</subfield>
            <subfield code="c">DLC</subfield>
            <subfield code="e">amim</subfield>
            <subfield code="d">DLC</subfield>
          </datafield>
          <datafield tag="046" ind1=" " ind2=" ">
            <subfield code="k">1956</subfield>
            <subfield code="2">edtf</subfield>
          </datafield>
          <datafield tag="050" ind1="0" ind2="0">
            <subfield code="a">CGA 0416-0425 (viewing print)</subfield>
          </datafield>
          <datafield tag="050" ind1="0" ind2="0">
            <subfield code="a">CGA 0426-0436 (viewing print, copy 2)</subfield>
          </datafield>
          <datafield tag="050" ind1="0" ind2="0">
            <subfield code="a">CQA 0678-0681 (non-viewing print)</subfield>
          </datafield>
          <datafield tag="050" ind1="0" ind2="0">
            <subfield code="a">FHA 0084-0095 (non-viewing print)</subfield>
          </datafield>
          <datafield tag="130" ind1="0" ind2=" ">
            <subfield code="a">Around the world in 80 days (Motion picture : 1956)</subfield>
          </datafield>
          <datafield tag="245" ind1="1" ind2="0">
            <subfield code="a">Around the world in 80 days /</subfield>
            <subfield code="c">Michael Todd Co., Inc.; directed by Michael Anderson ; produced by Michael Todd ; screenplay by James Poe, John Farrow, and S.J. Perelman.</subfield>
          </datafield>
          <datafield tag="260" ind1=" " ind2=" ">
            <subfield code="a">United States :</subfield>
            <subfield code="b">United Artists,</subfield>
            <subfield code="c">1956.</subfield>
          </datafield>
          <datafield tag="300" ind1=" " ind2=" ">
            <subfield code="3">viewing print</subfield>
            <subfield code="a">18 film reels of 20 on 10 (r1, 3-6, 8-20) (14,442 ft.) :</subfield>
            <subfield code="b">sd., col. ;</subfield>
            <subfield code="c">35 mm.</subfield>
          </datafield>
          <datafield tag="300" ind1=" " ind2=" ">
            <subfield code="3">viewing print (copy 2)</subfield>
            <subfield code="a">13 film reels of 20 on 11 (r3-4, 8-14, 16-19) (10,470 ft.) :</subfield>
            <subfield code="b">sd., col. ;</subfield>
            <subfield code="c">35 mm.</subfield>
          </datafield>
          <datafield tag="300" ind1=" " ind2=" ">
            <subfield code="3">non-viewing print</subfield>
            <subfield code="a">8 film reels of 20 on 4 (r4, 8-10) (approximately 7,000 ft.) :</subfield>
            <subfield code="b">anamorphic, sd., col. ;</subfield>
            <subfield code="c">35 mm.</subfield>
          </datafield>
          <datafield tag="300" ind1=" " ind2=" ">
            <subfield code="3">non-viewing print</subfield>
            <subfield code="a">20 film reels of 20 on 12 (approximately 182 min., approximately 16,380 ft.) :</subfield>
            <subfield code="b">anamorphic, sd., col. ;</subfield>
            <subfield code="c">70 mm.</subfield>
          </datafield>
          <datafield tag="500" ind1=" " ind2=" ">
            <subfield code="a">Copyright: Michael Todd Company, Inc.; 17Oct56; LP9127.</subfield>
          </datafield>
          <datafield tag="500" ind1=" " ind2=" ">
            <subfield code="a">Originally filmed in Todd A-O widescreen format.</subfield>
          </datafield>
          <datafield tag="500" ind1=" " ind2=" ">
            <subfield code="a">Based on the novel, Tour du monde en quatre-vingts jours, by Jules Verne.</subfield>
          </datafield>
          <datafield tag="508" ind1=" " ind2=" ">
            <subfield code="a">Associate producers, William Cameron Menzies, Kevin O'Donovan McClory ; music, Victor Young ; photography, Lionel Lindon ; art direction, James Sullivan, Ken Adam ; set decoration, Ross Dowd ; costume designer, Miles White ; choreographer, Paul Godkin ; sound, Joseph Kane ; special effects, Lee Zavitz ; general manager, Percy Guth ; executive assistant, Samuel Lambert ; technical consultant, Schuyler A. Sanford ; unit manager, Frank Fox ; screen credits design, Saul Bass.</subfield>
          </datafield>
          <datafield tag="511" ind1="1" ind2=" ">
            <subfield code="a">David Niven, Cantinflas, Robert Newton, Shirley MacLaine, John Carradine, Finlay Currie, Ronald Squire, Basil Sydney, A.E. Matthews, Trevor Howard, Charles Boyer, Joe E. Brown, Martine Carol, Charles Coburn, Ronald Colman, Melville Cooper, Noel Coward, Reginald Denny, Andy Devine, Marlene Dietrich, Luis Miguel Dominguin, Fernandel, Sir John Gielgud, Hermione Gingold, Jose Greco, Sir Cedric Hardwicke, Glynis Johns, Buster Keaton, Evelyn Keyes, Beatrice Lillie, Peter Lorre, Edmund Lowe, Mike Mazurki, Col. Tim McCoy, Victor McLaglen, John Mills, Alan Mowbray, Robert Morley, Jack Oakie, George Raft, Gilbert Roland, Cesar Romero, Frank Sinatra, Red Skelton, Harcourt Williams.</subfield>
          </datafield>
          <datafield tag="500" ind1=" " ind2=" ">
            <subfield code="a">According to the MI Film and Television catalog card, viewing prints, copies 1 and 2 have magnetic sound tracks</subfield>
          </datafield>
          <datafield tag="520" ind1=" " ind2=" ">
            <subfield code="a">In 1872, the precise, punctual English gentleman, Phileas Fogg, places a 20,000-pound wager with several fellow members of London Reform Club, insisting that he can go around the world in eighty days. Together with his resourceful valet Passepartout, Fogg sets out from Paris via balloon. Meanwhile, suspicion grows that Fogg has stolen his 20,000 pounds from Bank of England. Inspector Fix is sent out to pursue Fogg and bring him to justice. Hopscotching around the globe, Fogg pauses in Spain, where Passepartout engages in a comic bullfight. In India, they rescue young widow Princess Aouda from being forced into committing suicide so that she may join her late husband. They visit Hong Kong, Japan, San Francisco, and the Wild West. Only hours short of winning his wager, Fogg is arrested. Though exonerated of the bank robbery charges, he has lost everything, except the love of Aouda. But salvation is at hand when Passepartout discovers that, by crossing the International Date Line, there's still time to reach the Reform Club.</subfield>
          </datafield>
          <datafield tag="500" ind1=" " ind2=" ">
            <subfield code="a">Summary derived from synopsis on Allmovie WWW site.</subfield>
          </datafield>
          <datafield tag="555" ind1="8" ind2=" ">
            <subfield code="a">Detailed inventory of film components in the AFI/Taylor (Elizabeth) Collection can be found in the MI acquisition file.</subfield>
          </datafield>
          <datafield tag="500" ind1=" " ind2=" ">
            <subfield code="a">LC's 70 mm non-viewing print is a Todd A-O print.</subfield>
            <subfield code="5">DLC</subfield>
          </datafield>
          <datafield tag="500" ind1=" " ind2=" ">
            <subfield code="a">LC also holds a 12 in. videodisc viewing copy in the LC Purchase Collection.</subfield>
            <subfield code="5">DLC</subfield>
          </datafield>
          <datafield tag="500" ind1=" " ind2=" ">
            <subfield code="a">Sources used: Taves and Michaluk, The Jules Verne encyclopedia, p. 223-225; Michael Todd's around the world in 80 days almanac; Library of Congress information bulletin, October 21, 1996, p. 388-390; Allmovie.com, viewed July 27, 2023; Variety, October 18, 1956, p. 3 &amp; 7, viewed October 17, 2023 via Variety Archive.</subfield>
          </datafield>
          <datafield tag="650" ind1=" " ind2="0">
            <subfield code="a">Voyages around the world.</subfield>
          </datafield>
          <datafield tag="650" ind1=" " ind2="0">
            <subfield code="a">Adventure and adventurers.</subfield>
          </datafield>
          <datafield tag="650" ind1=" " ind2="0">
            <subfield code="a">British</subfield>
            <subfield code="z">Foreign countries.</subfield>
          </datafield>
          <datafield tag="650" ind1=" " ind2="0">
            <subfield code="a">Wagers.</subfield>
          </datafield>
          <datafield tag="655" ind1=" " ind2="7">
            <subfield code="a">Action and adventure films.</subfield>
            <subfield code="2">lcgft</subfield>
          </datafield>
          <datafield tag="655" ind1=" " ind2="7">
            <subfield code="a">Feature films.</subfield>
            <subfield code="2">lcgft</subfield>
          </datafield>
          <datafield tag="655" ind1=" " ind2="7">
            <subfield code="a">Fiction films.</subfield>
            <subfield code="2">lcgft</subfield>
          </datafield>
          <datafield tag="700" ind1="1" ind2=" ">
            <subfield code="a">Anderson, Michael,</subfield>
            <subfield code="d">1920-2018,</subfield>
            <subfield code="e">film director.</subfield>
          </datafield>
          <datafield tag="700" ind1="1" ind2=" ">
            <subfield code="a">Todd, Mike,</subfield>
            <subfield code="d">1909-1958,</subfield>
            <subfield code="e">film producer.</subfield>
          </datafield>
          <datafield tag="700" ind1="1" ind2=" ">
            <subfield code="a">Farrow, John,</subfield>
            <subfield code="d">1904-1963,</subfield>
            <subfield code="e">screenwriter.</subfield>
          </datafield>
          <datafield tag="700" ind1="1" ind2=" ">
            <subfield code="a">Perelman, S. J.</subfield>
            <subfield code="q">(Sidney Joseph),</subfield>
            <subfield code="d">1904-1979,</subfield>
            <subfield code="e">screenwriter.</subfield>
          </datafield>
          <datafield tag="700" ind1="1" ind2=" ">
            <subfield code="a">Menzies, William Cameron,</subfield>
            <subfield code="d">1896-1957,</subfield>
            <subfield code="e">film producer.</subfield>
          </datafield>
          <datafield tag="700" ind1="1" ind2=" ">
            <subfield code="a">McClory, Kevin,</subfield>
            <subfield code="d">1926-2006,</subfield>
            <subfield code="e">film producer.</subfield>
          </datafield>
          <datafield tag="700" ind1="1" ind2=" ">
            <subfield code="a">Young, Victor,</subfield>
            <subfield code="d">1900-1956,</subfield>
            <subfield code="e">composer.</subfield>
          </datafield>
          <datafield tag="700" ind1="1" ind2=" ">
            <subfield code="a">Lindon, Lionel,</subfield>
            <subfield code="e">cinematographer.</subfield>
          </datafield>
          <datafield tag="700" ind1="1" ind2=" ">
            <subfield code="a">Bass, Saul,</subfield>
            <subfield code="e">production designer.</subfield>
          </datafield>
          <datafield tag="700" ind1="1" ind2=" ">
            <subfield code="a">Niven, David,</subfield>
            <subfield code="d">1910-1983,</subfield>
            <subfield code="e">actor.</subfield>
          </datafield>
          <datafield tag="700" ind1="0" ind2=" ">
            <subfield code="a">Cantinflas,</subfield>
            <subfield code="d">1911-1993,</subfield>
            <subfield code="e">actor.</subfield>
          </datafield>
          <datafield tag="700" ind1="1" ind2=" ">
            <subfield code="a">MacLaine, Shirley,</subfield>
            <subfield code="d">1934-</subfield>
            <subfield code="e">actor.</subfield>
          </datafield>
          <datafield tag="700" ind1="1" ind2=" ">
            <subfield code="a">Newton, Robert,</subfield>
            <subfield code="d">1905-1956,</subfield>
            <subfield code="e">actor.</subfield>
          </datafield>
          <datafield tag="700" ind1="1" ind2=" ">
            <subfield code="a">Carradine, John,</subfield>
            <subfield code="e">actor.</subfield>
          </datafield>
          <datafield tag="700" ind1="1" ind2=" ">
            <subfield code="a">Currie, Finlay,</subfield>
            <subfield code="d">1878-1968,</subfield>
            <subfield code="e">actor.</subfield>
          </datafield>
          <datafield tag="700" ind1="1" ind2=" ">
            <subfield code="a">Squire, Ronald,</subfield>
            <subfield code="d">1886-1958,</subfield>
            <subfield code="e">actor.</subfield>
          </datafield>
          <datafield tag="700" ind1="1" ind2=" ">
            <subfield code="a">Sydney, Basil,</subfield>
            <subfield code="d">1894-1968,</subfield>
            <subfield code="e">actor.</subfield>
          </datafield>
          <datafield tag="700" ind1="1" ind2=" ">
            <subfield code="a">Matthews, A. E.</subfield>
            <subfield code="q">(Alfred Edward),</subfield>
            <subfield code="d">1869-1960,</subfield>
            <subfield code="e">actor.</subfield>
          </datafield>
          <datafield tag="700" ind1="1" ind2=" ">
            <subfield code="a">Howard, Trevor,</subfield>
            <subfield code="d">1916-1988,</subfield>
            <subfield code="e">actor.</subfield>
          </datafield>
          <datafield tag="700" ind1="1" ind2=" ">
            <subfield code="a">Verne, Jules,</subfield>
            <subfield code="d">1828-1905.</subfield>
            <subfield code="t">Tour du monde en quatre-vingts jours.</subfield>
          </datafield>
          <datafield tag="710" ind1="2" ind2=" ">
            <subfield code="a">Michael Todd Co.,</subfield>
            <subfield code="3">production company.</subfield>
          </datafield>
          <datafield tag="710" ind1="2" ind2=" ">
            <subfield code="a">United Artists Corporation,</subfield>
            <subfield code="e">film distributor.</subfield>
          </datafield>
          <datafield tag="710" ind1="2" ind2=" ">
            <subfield code="a">AFI/Taylor (Elizabeth) Collection (Library of Congress)</subfield>
            <subfield code="5">DLC</subfield>
          </datafield>
          <datafield tag="710" ind1="2" ind2=" ">
            <subfield code="a">Copyright Collection (Library of Congress)</subfield>
            <subfield code="5">DLC</subfield>
          </datafield>
          <datafield tag="786" ind1="1" ind2="8">
            <subfield code="t">Around the world in 80 days</subfield>
            <subfield code="w">(DLC) 2033484</subfield>
            <subfield code="n">MAVIS</subfield>
          </datafield>
          <datafield tag="953" ind1=" " ind2=" ">
            <subfield code="a">TE01</subfield>
          </datafield>
          <datafield tag="991" ind1=" " ind2=" ">
            <subfield code="b">c-MP&amp;TV</subfield>
            <subfield code="h">CGA 0416-0425 (ref print)</subfield>
            <subfield code="w">MUMS VM File</subfield>
          </datafield>
          <datafield tag="991" ind1=" " ind2=" ">
            <subfield code="b">c-MP&amp;TV</subfield>
            <subfield code="h">CGA 0426-0436 (ref print, copy 2)</subfield>
            <subfield code="w">MUMS VM File</subfield>
          </datafield>
          <datafield tag="991" ind1=" " ind2=" ">
            <subfield code="b">c-MP&amp;TV</subfield>
            <subfield code="h">CQA 0678-0681 (arch pos)</subfield>
            <subfield code="w">MUMS VM File</subfield>
          </datafield>
        </record>
      </zs:recordData>
      <zs:recordPosition>1</zs:recordPosition>
    </zs:record>