
    <zs:record>
      <zs:recordSchema/>
      <zs:recordPacking>xml</zs:recordPacking>
      <zs:recordData>
        <record xmlns="http://www.loc.gov/MARC21/slim">
          <leader>01722cgm a22003373a 4500</leader>
          <controlfield tag="001">12233283</controlfield>
          <controlfield tag="005">20111229072137.0</controlfield>
          <controlfield tag="007">vf cjaho|</controlfield>
          <controlfield tag="008">001116s1999    xxu---            mleng  </controlfield>
          <datafield tag="906" ind1=" " ind2=" ">
            <subfield code="a">0</subfield>
            <subfield code="b">cbc</subfield>
            <subfield code="c">origcop</subfield>
            <subfield code="d">u</subfield>
            <subfield code="e">ncip</subfield>
            <subfield code="f">20</subfield>
            <subfield code="g">y-movingim</subfield>
          </datafield>
          <datafield tag="010" ind1=" " ind2=" ">
            <subfield code="a">   00574835 </subfield>
          </datafield>
          <datafield tag="017" ind1=" " ind2=" ">
            <subfield code="a">PA957-203</subfield>
            <subfield code="b">U.S. Copyright Office</subfield>
          </datafield>
          <datafield tag="033" ind1="0" ind2="1">
            <subfield code="a">19990421</subfield>
          </datafield>
          <datafield tag="040" ind1=" " ind2=" ">
            <subfield code="a">DLC</subfield>
            <subfield code="c">DLC</subfield>
            <subfield code="d">DLC</subfield>
            <subfield code="e">amim</subfield>
            <subfield code="d">DLC</subfield>
          </datafield>
          <datafield tag="050" ind1="0" ind2="0">
            <subfield code="a">VXB 1524 (viewing copy)</subfield>
          </datafield>
          <datafield tag="245" ind1="0" ind2="0">
            <subfield code="a">Barbara Walters special.</subfield>
            <subfield code="n">[1999-04-21],</subfield>
            <subfield code="p">Celine Dion, Susan Sarandon, &amp; Elizabeth Taylor /</subfield>
            <subfield code="c">a Barwall production ; directed by Russ Petrano.</subfield>
          </datafield>
          <datafield tag="260" ind1=" " ind2=" ">
            <subfield code="c">1999-04-21.</subfield>
          </datafield>
          <datafield tag="300" ind1=" " ind2=" ">
            <subfield code="3">viewing copy.</subfield>
            <subfield code="a">1 videocassette of 1 (Betacam-SP) :</subfield>
            <subfield code="b">sd., col. ;</subfield>
            <subfield code="c">1/2 in.</subfield>
          </datafield>
          <datafield tag="500" ind1=" " ind2=" ">
            <subfield code="a">Copyright: Barwall Productions, Inc. NM: all other cinematographic material. DCR 1999; PUB 21Mar99; REG 21Apr99; PA957-203.</subfield>
          </datafield>
          <datafield tag="511" ind1="0" ind2=" ">
            <subfield code="a">Host: Barbara Walters.</subfield>
          </datafield>
          <datafield tag="500" ind1=" " ind2=" ">
            <subfield code="a">Number BWS-65.</subfield>
          </datafield>
          <datafield tag="520" ind1=" " ind2=" ">
            <subfield code="a">"Walters interviews Celine Dion, Susan Sarandon and Elizabeth Taylor, who are not nominated tonight but who are "all connected to the Oscars," says executive producer Bill Geddie. Dion is expected to be asked about her "rags to riches" career"--TVguide.com WWW site, viewed October 8, 2010.</subfield>
          </datafield>
          <datafield tag="500" ind1=" " ind2=" ">
            <subfield code="a">Sources used: copyright data sheet; copyright data base.</subfield>
          </datafield>
          <datafield tag="541" ind1=" " ind2=" ">
            <subfield code="3">master;</subfield>
            <subfield code="d">Received: 11/10/1999;</subfield>
            <subfield code="c">copyright deposit--no agreement</subfield>
            <subfield code="a">Copyright Collection.</subfield>
          </datafield>
          <datafield tag="655" ind1=" " ind2="0">
            <subfield code="a">Nonfiction television programs.</subfield>
          </datafield>
          <datafield tag="655" ind1=" " ind2="7">
            <subfield code="a">Television interviews.</subfield>
            <subfield code="2">lcgft</subfield>
          </datafield>
          <datafield tag="655" ind1=" " ind2="7">
            <subfield code="a">Television specials.</subfield>
            <subfield code="2">lcgft</subfield>
          </datafield>
          <datafield tag="700" ind1="1" ind2=" ">
            <subfield code="a">Dion, Céline,</subfield>
            <subfield code="e">interviewee.</subfield>
          </datafield>
          <datafield tag="700" ind1="1" ind2=" ">
            <subfield code="a">Sarandon, Susan,</subfield>
            <subfield code="d">1946-</subfield>
            <subfield code="e">interviewee.</subfield>
          </datafield>
          <datafield tag="700" ind1="1" ind2=" ">
            <subfield code="a">Taylor, Elizabeth,</subfield>
            <subfield code="d">1932-2011,</subfield>
            <subfield code="e">interviewee.</subfield>
          </datafield>
          <datafield tag="710" ind1="2" ind2=" ">
            <subfield code="a">Copyright Collection (Library of Congress)</subfield>
            <subfield code="5">DLC</subfield>
          </datafield>
        </record>
      </zs:recordData>
      <zs:recordPosition>2</zs:recordPosition>
    </zs:record>