
    <zs:record>
      <zs:recordSchema/>
      <zs:recordPacking>xml</zs:recordPacking>
      <zs:recordData>
        <record xmlns="http://www.loc.gov/MARC21/slim">
          <leader>04012cgm a22008177i 4500</leader>
          <controlfield tag="001">22633941</controlfield>
          <controlfield tag="005">20220606090130.0</controlfield>
          <controlfield tag="007">vd csaizm</controlfield>
          <controlfield tag="008">220606t20161958xxu104            mleng  </controlfield>
          <datafield tag="906" ind1=" " ind2=" ">
            <subfield code="a">7</subfield>
            <subfield code="b">cbc</subfield>
            <subfield code="c">origres</subfield>
            <subfield code="d">u</subfield>
            <subfield code="e">ncip</subfield>
            <subfield code="f">20</subfield>
            <subfield code="g">y-movingim</subfield>
          </datafield>
          <datafield tag="955" ind1=" " ind2=" ">
            <subfield code="a">qm28 2022-06-06 z-client</subfield>
            <subfield code="i">qm28 2022-06-06</subfield>
          </datafield>
          <datafield tag="010" ind1=" " ind2=" ">
            <subfield code="a">  2022604265</subfield>
          </datafield>
          <datafield tag="024" ind1="1" ind2="0">
            <subfield code="a">888574379438</subfield>
          </datafield>
          <datafield tag="035" ind1=" " ind2=" ">
            <subfield code="a">(OCoLC)957776746</subfield>
          </datafield>
          <datafield tag="040" ind1=" " ind2=" ">
            <subfield code="a">DLC</subfield>
            <subfield code="b">eng</subfield>
            <subfield code="e">rda</subfield>
            <subfield code="c">DLC</subfield>
          </datafield>
          <datafield tag="041" ind1="1" ind2=" ">
            <subfield code="a">eng</subfield>
            <subfield code="j">eng</subfield>
            <subfield code="j">fre</subfield>
            <subfield code="j">spa</subfield>
            <subfield code="h">eng</subfield>
          </datafield>
          <datafield tag="046" ind1=" " ind2=" ">
            <subfield code="k">1958</subfield>
            <subfield code="2">edtf</subfield>
          </datafield>
          <datafield tag="050" ind1="0" ind2="0">
            <subfield code="a">DVB 0231 (viewing copy)</subfield>
          </datafield>
          <datafield tag="130" ind1="0" ind2=" ">
            <subfield code="a">Cat on a hot tin roof (Motion picture)</subfield>
          </datafield>
          <datafield tag="245" ind1="1" ind2="0">
            <subfield code="a">Cat on a hot tin roof /</subfield>
            <subfield code="c">Metro Goldwyn Mayer presents an Avon production ; screen play by Richard Brooks and James Poe ; produced by Lawrence Weingarten ; directed by Richard Brooks.</subfield>
          </datafield>
          <datafield tag="257" ind1=" " ind2=" ">
            <subfield code="a">United States</subfield>
            <subfield code="2">naf</subfield>
          </datafield>
          <datafield tag="264" ind1=" " ind2="2">
            <subfield code="a">Burbank, California :</subfield>
            <subfield code="b">Warner Home Video,</subfield>
            <subfield code="c">[2016]</subfield>
          </datafield>
          <datafield tag="264" ind1=" " ind2="4">
            <subfield code="c">©1958</subfield>
          </datafield>
          <datafield tag="300" ind1=" " ind2=" ">
            <subfield code="3">viewing copy</subfield>
            <subfield code="a">1 videodisc (104 min.) :</subfield>
            <subfield code="b">sound, color ;</subfield>
            <subfield code="c">4 3/4 in.</subfield>
          </datafield>
          <datafield tag="336" ind1=" " ind2=" ">
            <subfield code="a">two-dimensional moving image</subfield>
            <subfield code="b">tdi</subfield>
            <subfield code="2">rdacontent</subfield>
          </datafield>
          <datafield tag="337" ind1=" " ind2=" ">
            <subfield code="a">video</subfield>
            <subfield code="b">v</subfield>
            <subfield code="2">rdamedia</subfield>
          </datafield>
          <datafield tag="338" ind1=" " ind2=" ">
            <subfield code="a">videodisc</subfield>
            <subfield code="b">vd</subfield>
            <subfield code="2">rdacarrier</subfield>
          </datafield>
          <datafield tag="340" ind1=" " ind2=" ">
            <subfield code="b">4 3/4 in.</subfield>
            <subfield code="2">rda</subfield>
          </datafield>
          <datafield tag="344" ind1=" " ind2=" ">
            <subfield code="a">digital</subfield>
            <subfield code="b">optical</subfield>
            <subfield code="g">mono</subfield>
            <subfield code="h">DTS-HD Master Audio 2.0</subfield>
            <subfield code="2">rda</subfield>
          </datafield>
          <datafield tag="347" ind1=" " ind2=" ">
            <subfield code="a">video file</subfield>
            <subfield code="b">Blu-ray</subfield>
            <subfield code="d">1080p</subfield>
            <subfield code="2">rda</subfield>
          </datafield>
          <datafield tag="380" ind1=" " ind2=" ">
            <subfield code="a">Motion pictures</subfield>
            <subfield code="2">lcgft</subfield>
          </datafield>
          <datafield tag="500" ind1=" " ind2=" ">
            <subfield code="a">1.85.1 aspect ratio.</subfield>
          </datafield>
          <datafield tag="546" ind1=" " ind2=" ">
            <subfield code="a">English soundtrack; optional French or Spanish subtitles. English SDH subtitles for the hearing impaired.</subfield>
          </datafield>
          <datafield tag="500" ind1=" " ind2=" ">
            <subfield code="a">Based on the play by Tennessee Williams.</subfield>
          </datafield>
          <datafield tag="500" ind1=" " ind2=" ">
            <subfield code="a">Originally released as a motion picture in 1958.</subfield>
          </datafield>
          <datafield tag="500" ind1=" " ind2=" ">
            <subfield code="a">Title from container.</subfield>
          </datafield>
          <datafield tag="511" ind1="1" ind2=" ">
            <subfield code="a">Elizabeth Taylor, Paul Newman, Burl Ives, Jack Carson, Judith Anderson.</subfield>
          </datafield>
          <datafield tag="508" ind1=" " ind2=" ">
            <subfield code="a">Director of photography, William Daniels ; editor, Ferris Webster.</subfield>
          </datafield>
          <datafield tag="520" ind1=" " ind2=" ">
            <subfield code="a">"Brick, an alcoholic ex-football player, drinks his days away and resists the affections of his wife, Maggie. His reunion with his father, Big Daddy, who is dying of cancer, jogs a host of memories and revelations for both father and son"--IMDb.com.</subfield>
          </datafield>
          <datafield tag="500" ind1=" " ind2=" ">
            <subfield code="a">Special features: Commentary by biographer Donald Spoto, author of "The kindness of strangers: the life of Tennessee Williams" ; "Cat on a hot tin roof: playing cat and mouse" featurette ; theatrical trailer.</subfield>
          </datafield>
          <datafield tag="500" ind1=" " ind2=" ">
            <subfield code="a">Sources used: videodisc container; Internet movie database WWW site, June 6, 2022.</subfield>
          </datafield>
          <datafield tag="650" ind1=" " ind2="0">
            <subfield code="a">Spouses</subfield>
            <subfield code="v">Drama.</subfield>
          </datafield>
          <datafield tag="650" ind1=" " ind2="0">
            <subfield code="a">Alcoholics</subfield>
            <subfield code="v">Drama.</subfield>
          </datafield>
          <datafield tag="650" ind1=" " ind2="0">
            <subfield code="a">Fathers and sons</subfield>
            <subfield code="v">Drama.</subfield>
          </datafield>
          <datafield tag="650" ind1=" " ind2="0">
            <subfield code="a">Terminally ill</subfield>
            <subfield code="v">Drama.</subfield>
          </datafield>
          <datafield tag="650" ind1=" " ind2="7">
            <subfield code="a">Terminally ill.</subfield>
            <subfield code="2">fast</subfield>
            <subfield code="0">(OCoLC)fst01147878</subfield>
          </datafield>
          <datafield tag="650" ind1=" " ind2="7">
            <subfield code="a">Alcoholics.</subfield>
            <subfield code="2">fast</subfield>
            <subfield code="0">(OCoLC)fst00804414</subfield>
          </datafield>
          <datafield tag="650" ind1=" " ind2="7">
            <subfield code="a">Fathers and sons.</subfield>
            <subfield code="2">fast</subfield>
            <subfield code="0">(OCoLC)fst00921899</subfield>
          </datafield>
          <datafield tag="650" ind1=" " ind2="7">
            <subfield code="a">Spouses.</subfield>
            <subfield code="2">fast</subfield>
            <subfield code="0">(OCoLC)fst01130842</subfield>
          </datafield>
          <datafield tag="655" ind1=" " ind2="7">
            <subfield code="a">Fiction films.</subfield>
            <subfield code="2">fast</subfield>
            <subfield code="0">(OCoLC)fst01710264</subfield>
          </datafield>
          <datafield tag="655" ind1=" " ind2="7">
            <subfield code="a">Romance films.</subfield>
            <subfield code="2">fast</subfield>
            <subfield code="0">(OCoLC)fst01710332</subfield>
          </datafield>
          <datafield tag="655" ind1=" " ind2="7">
            <subfield code="a">Drama.</subfield>
            <subfield code="2">fast</subfield>
            <subfield code="0">(OCoLC)fst01423879</subfield>
          </datafield>
          <datafield tag="655" ind1=" " ind2="7">
            <subfield code="a">Feature films.</subfield>
            <subfield code="2">fast</subfield>
            <subfield code="0">(OCoLC)fst01710384</subfield>
          </datafield>
          <datafield tag="655" ind1=" " ind2="7">
            <subfield code="a">Video recordings for the hearing impaired.</subfield>
            <subfield code="2">fast</subfield>
            <subfield code="0">(OCoLC)fst01710450</subfield>
          </datafield>
          <datafield tag="655" ind1=" " ind2="7">
            <subfield code="a">Romance films.</subfield>
            <subfield code="2">lcgft</subfield>
          </datafield>
          <datafield tag="655" ind1=" " ind2="7">
            <subfield code="a">Feature films.</subfield>
            <subfield code="2">lcgft</subfield>
          </datafield>
          <datafield tag="655" ind1=" " ind2="7">
            <subfield code="a">Fiction films.</subfield>
            <subfield code="2">lcgft</subfield>
          </datafield>
          <datafield tag="655" ind1=" " ind2="7">
            <subfield code="a">Video recordings for the hearing impaired.</subfield>
            <subfield code="2">lcgft</subfield>
          </datafield>
          <datafield tag="700" ind1="1" ind2=" ">
            <subfield code="a">Brooks, Richard,</subfield>
            <subfield code="d">1912-1992,</subfield>
            <subfield code="e">film director,</subfield>
            <subfield code="e">screenwriter.</subfield>
          </datafield>
          <datafield tag="700" ind1="1" ind2=" ">
            <subfield code="a">Poe, James,</subfield>
            <subfield code="d">1923-1980,</subfield>
            <subfield code="e">screenwriter.</subfield>
          </datafield>
          <datafield tag="700" ind1="1" ind2=" ">
            <subfield code="a">Weingarten, Lawrence,</subfield>
            <subfield code="d">1897-1975,</subfield>
            <subfield code="e">film producer.</subfield>
          </datafield>
          <datafield tag="700" ind1="1" ind2=" ">
            <subfield code="a">Taylor, Elizabeth,</subfield>
            <subfield code="d">1932-2011,</subfield>
            <subfield code="e">actor.</subfield>
          </datafield>
          <datafield tag="700" ind1="1" ind2=" ">
            <subfield code="a">Newman, Paul,</subfield>
            <subfield code="d">1925-2008,</subfield>
            <subfield code="e">actor.</subfield>
          </datafield>
          <datafield tag="700" ind1="1" ind2=" ">
            <subfield code="a">Ives, Burl,</subfield>
            <subfield code="d">1909-1995,</subfield>
            <subfield code="e">actor.</subfield>
          </datafield>
          <datafield tag="700" ind1="1" ind2=" ">
            <subfield code="a">Carson, Jack,</subfield>
            <subfield code="d">1910-1963,</subfield>
            <subfield code="e">actor.</subfield>
          </datafield>
          <datafield tag="700" ind1="1" ind2=" ">
            <subfield code="a">Anderson, Judith,</subfield>
            <subfield code="d">1897-1992,</subfield>
            <subfield code="e">actor.</subfield>
          </datafield>
          <datafield tag="700" ind1="1" ind2=" ">
            <subfield code="i">Motion picture adaptation of (work):</subfield>
            <subfield code="a">Williams, Tennessee,</subfield>
            <subfield code="d">1911-1983.</subfield>
            <subfield code="t">Cat on a hot tin roof.</subfield>
          </datafield>
          <datafield tag="710" ind1="2" ind2=" ">
            <subfield code="a">Metro-Goldwyn-Mayer,</subfield>
            <subfield code="e">presenter.</subfield>
          </datafield>
          <datafield tag="710" ind1="2" ind2=" ">
            <subfield code="a">Avon Productions,</subfield>
            <subfield code="e">production company.</subfield>
          </datafield>
          <datafield tag="710" ind1="2" ind2=" ">
            <subfield code="a">Warner Home Video (Firm),</subfield>
            <subfield code="e">film distributor.</subfield>
          </datafield>
          <datafield tag="773" ind1="0" ind2=" ">
            <subfield code="a">Roger Blunck Collection (Library of Congress)</subfield>
          </datafield>
        </record>
      </zs:recordData>
      <zs:recordPosition>6</zs:recordPosition>
    </zs:record>