
    <zs:record>
      <zs:recordSchema/>
      <zs:recordPacking>xml</zs:recordPacking>
      <zs:recordData>
        <record xmlns="http://www.loc.gov/MARC21/slim">
          <leader>05377cgm a22009737i 4500</leader>
          <controlfield tag="001">22662510</controlfield>
          <controlfield tag="005">20220623100547.0</controlfield>
          <controlfield tag="007">vd cvaizq</controlfield>
          <controlfield tag="008">220623t20011991xxu248            mleng  </controlfield>
          <datafield tag="906" ind1=" " ind2=" ">
            <subfield code="a">7</subfield>
            <subfield code="b">cbc</subfield>
            <subfield code="c">origres</subfield>
            <subfield code="d">u</subfield>
            <subfield code="e">ncip</subfield>
            <subfield code="f">20</subfield>
            <subfield code="g">y-movingim</subfield>
          </datafield>
          <datafield tag="955" ind1=" " ind2=" ">
            <subfield code="a">qm28 2022-06-23 z-client</subfield>
            <subfield code="i">qm28 2022-06-23</subfield>
          </datafield>
          <datafield tag="010" ind1=" " ind2=" ">
            <subfield code="a">  2022604405</subfield>
          </datafield>
          <datafield tag="024" ind1="8" ind2=" ">
            <subfield code="a">2454301483</subfield>
          </datafield>
          <datafield tag="024" ind1="1" ind2=" ">
            <subfield code="a">024543014836</subfield>
          </datafield>
          <datafield tag="024" ind1="1" ind2=" ">
            <subfield code="a">024543014843</subfield>
          </datafield>
          <datafield tag="028" ind1="4" ind2="2">
            <subfield code="a">2001483</subfield>
            <subfield code="b">20th Century-Fox Home Entertainment, Inc.</subfield>
          </datafield>
          <datafield tag="035" ind1=" " ind2=" ">
            <subfield code="a">(OCoLC)46726153</subfield>
            <subfield code="z">(OCoLC)51745912</subfield>
            <subfield code="z">(OCoLC)52506570</subfield>
            <subfield code="z">(OCoLC)187600836</subfield>
            <subfield code="z">(OCoLC)905575327</subfield>
            <subfield code="z">(OCoLC)965588171</subfield>
            <subfield code="z">(OCoLC)971905279</subfield>
            <subfield code="z">(OCoLC)972146993</subfield>
            <subfield code="z">(OCoLC)975298285</subfield>
            <subfield code="z">(OCoLC)1014226513</subfield>
            <subfield code="z">(OCoLC)1028196522</subfield>
            <subfield code="z">(OCoLC)1053015122</subfield>
            <subfield code="z">(OCoLC)1057114617</subfield>
            <subfield code="z">(OCoLC)1059232563</subfield>
            <subfield code="z">(OCoLC)1059475903</subfield>
            <subfield code="z">(OCoLC)1066130413</subfield>
            <subfield code="z">(OCoLC)1076255313</subfield>
            <subfield code="z">(OCoLC)1102197513</subfield>
            <subfield code="z">(OCoLC)1109157318</subfield>
            <subfield code="z">(OCoLC)1151441127</subfield>
            <subfield code="z">(OCoLC)1305872632</subfield>
          </datafield>
          <datafield tag="040" ind1=" " ind2=" ">
            <subfield code="a">DLC</subfield>
            <subfield code="b">eng</subfield>
            <subfield code="e">rda</subfield>
            <subfield code="c">DLC</subfield>
          </datafield>
          <datafield tag="041" ind1="1" ind2=" ">
            <subfield code="a">eng</subfield>
            <subfield code="a">fre</subfield>
            <subfield code="j">eng</subfield>
            <subfield code="j">spa</subfield>
            <subfield code="h">eng</subfield>
          </datafield>
          <datafield tag="043" ind1=" " ind2=" ">
            <subfield code="a">f-ua---</subfield>
          </datafield>
          <datafield tag="046" ind1=" " ind2=" ">
            <subfield code="k">1963</subfield>
            <subfield code="2">edtf</subfield>
          </datafield>
          <datafield tag="050" ind1="0" ind2="0">
            <subfield code="a">DVB 0373 (viewing copy)</subfield>
          </datafield>
          <datafield tag="130" ind1="0" ind2=" ">
            <subfield code="a">Cleopatra (Motion picture : 1963)</subfield>
          </datafield>
          <datafield tag="245" ind1="1" ind2="0">
            <subfield code="a">Cleopatra /</subfield>
            <subfield code="c">Twentieth Century-Fox presents ; screenplay by Joseph L. Mankiewicz, Ranald MacDougall and Sidney Buchman ; produced by Walter Wanger ; directed by Joseph L. Mankiewicz.</subfield>
          </datafield>
          <datafield tag="246" ind1="3" ind2="0">
            <subfield code="a">Joseph L. Mankiewicz' Cleopatra</subfield>
          </datafield>
          <datafield tag="257" ind1=" " ind2=" ">
            <subfield code="a">United States</subfield>
            <subfield code="2">naf</subfield>
          </datafield>
          <datafield tag="264" ind1=" " ind2="2">
            <subfield code="a">Beverly Hills, Calif. :</subfield>
            <subfield code="b">20th Century Fox Home Entertainment,</subfield>
            <subfield code="c">[2001]</subfield>
          </datafield>
          <datafield tag="264" ind1=" " ind2="4">
            <subfield code="c">©1991</subfield>
          </datafield>
          <datafield tag="300" ind1=" " ind2=" ">
            <subfield code="3">viewing copy</subfield>
            <subfield code="a">3 videodiscs (248 min.) :</subfield>
            <subfield code="b">sound, color ;</subfield>
            <subfield code="c">4 3/4 in.</subfield>
          </datafield>
          <datafield tag="336" ind1=" " ind2=" ">
            <subfield code="a">two-dimensional moving image</subfield>
            <subfield code="b">tdi</subfield>
            <subfield code="2">rdacontent</subfield>
          </datafield>
          <datafield tag="337" ind1=" " ind2=" ">
            <subfield code="a">video</subfield>
            <subfield code="b">v</subfield>
            <subfield code="2">rdamedia</subfield>
          </datafield>
          <datafield tag="338" ind1=" " ind2=" ">
            <subfield code="a">videodisc</subfield>
            <subfield code="b">vd</subfield>
            <subfield code="2">rdacarrier</subfield>
          </datafield>
          <datafield tag="340" ind1=" " ind2=" ">
            <subfield code="b">4 3/4 in.</subfield>
            <subfield code="2">rda</subfield>
          </datafield>
          <datafield tag="344" ind1=" " ind2=" ">
            <subfield code="a">digital</subfield>
            <subfield code="b">optical</subfield>
            <subfield code="g">surround</subfield>
            <subfield code="h">5.1 Dolby Digital</subfield>
            <subfield code="2">rda</subfield>
          </datafield>
          <datafield tag="346" ind1=" " ind2=" ">
            <subfield code="b">NTSC</subfield>
            <subfield code="2">rda</subfield>
          </datafield>
          <datafield tag="347" ind1=" " ind2=" ">
            <subfield code="a">video file</subfield>
            <subfield code="e">region 1</subfield>
            <subfield code="2">rda</subfield>
          </datafield>
          <datafield tag="347" ind1=" " ind2=" ">
            <subfield code="b">DVD video</subfield>
          </datafield>
          <datafield tag="380" ind1=" " ind2=" ">
            <subfield code="a">Motion pictures</subfield>
            <subfield code="2">lcgft</subfield>
          </datafield>
          <datafield tag="490" ind1="0" ind2=" ">
            <subfield code="a">Five star collection</subfield>
          </datafield>
          <datafield tag="500" ind1=" " ind2=" ">
            <subfield code="a">Wide screen format (aspect ratio 2.35:1).</subfield>
          </datafield>
          <datafield tag="546" ind1=" " ind2=" ">
            <subfield code="a">English or French language with subtitles available in English and Spanish. Closed-captioned for the hearing impaired.</subfield>
          </datafield>
          <datafield tag="500" ind1=" " ind2=" ">
            <subfield code="a">Based upon histories by Plutarch, Suetonius, Appian, other ancient sources and The life and times of Cleopatra by C.M. Franzero.</subfield>
          </datafield>
          <datafield tag="500" ind1=" " ind2=" ">
            <subfield code="a">Originally produced as a motion picture in 1963.</subfield>
          </datafield>
          <datafield tag="500" ind1=" " ind2=" ">
            <subfield code="a">Title from container.</subfield>
          </datafield>
          <datafield tag="511" ind1="1" ind2=" ">
            <subfield code="a">Elizabeth Taylor, Richard Burton, Rex Harrison, Pamela Brown, George Cole, Hume Cronyn, Cesare Danova, Kenneth Haigh, Andrew Keir, Martin Landau, Roddy McDowall, Robert Stephens.</subfield>
          </datafield>
          <datafield tag="508" ind1=" " ind2=" ">
            <subfield code="a">Music, Alex North ; choreography, Hermes Pan ; director of photographer, Leon Shamroy.</subfield>
          </datafield>
          <datafield tag="520" ind1=" " ind2=" ">
            <subfield code="a">Story of the life of Cleopatra, queen of ancient Egypt from her ascension to the throne through her struggle for power and her loves and entanglements with Julius Caesar and Marc Anthony.</subfield>
          </datafield>
          <datafield tag="505" ind1="0" ind2=" ">
            <subfield code="a">Disc 1. Part 1 of feature -- disc 2. Part 2 of feature -- disc 3. Bonus features.</subfield>
          </datafield>
          <datafield tag="500" ind1=" " ind2=" ">
            <subfield code="a">Special features include: Behind-the-scenes documentary Cleopatra : the film that changed Hollywood ; 1963 featurette The fourth star of Cleopatra ; archival footage from New York and Hollywood premiere ; commentary by Chris Mankiewicz, Tom Mankiewicz, Martin Landau and Jack Brodsky ; extensive still gallery with behind-the-scenes photos, costume sketches, concept art and more.</subfield>
          </datafield>
          <datafield tag="500" ind1=" " ind2=" ">
            <subfield code="a">Sources used: videodisc container; Internet movie database WWW site, June 23, 2022.</subfield>
          </datafield>
          <datafield tag="600" ind1="0" ind2="0">
            <subfield code="a">Cleopatra,</subfield>
            <subfield code="c">Queen of Egypt,</subfield>
            <subfield code="d">-30 B.C.</subfield>
            <subfield code="v">Drama.</subfield>
          </datafield>
          <datafield tag="600" ind1="1" ind2="0">
            <subfield code="a">Antonius, Marcus,</subfield>
            <subfield code="d">83 B.C.?-30 B.C.</subfield>
            <subfield code="v">Drama.</subfield>
          </datafield>
          <datafield tag="600" ind1="1" ind2="0">
            <subfield code="a">Caesar, Julius</subfield>
            <subfield code="v">Drama.</subfield>
          </datafield>
          <datafield tag="650" ind1=" " ind2="0">
            <subfield code="a">Queens</subfield>
            <subfield code="z">Egypt</subfield>
            <subfield code="v">Drama.</subfield>
          </datafield>
          <datafield tag="651" ind1=" " ind2="0">
            <subfield code="a">Egypt</subfield>
            <subfield code="x">History</subfield>
            <subfield code="y">332-30 B.C.</subfield>
            <subfield code="v">Drama.</subfield>
          </datafield>
          <datafield tag="600" ind1="1" ind2="7">
            <subfield code="a">Antonius, Marcus,</subfield>
            <subfield code="d">83 B.C.?-30 B.C.</subfield>
            <subfield code="2">fast</subfield>
            <subfield code="0">(OCoLC)fst01804903</subfield>
          </datafield>
          <datafield tag="600" ind1="1" ind2="7">
            <subfield code="a">Caesar, Julius.</subfield>
            <subfield code="2">fast</subfield>
            <subfield code="0">(OCoLC)fst00031693</subfield>
          </datafield>
          <datafield tag="600" ind1="0" ind2="7">
            <subfield code="a">Cleopatra,</subfield>
            <subfield code="c">Queen of Egypt,</subfield>
            <subfield code="d">-30 B.C.</subfield>
            <subfield code="2">fast</subfield>
            <subfield code="0">(OCoLC)fst01802070</subfield>
          </datafield>
          <datafield tag="650" ind1=" " ind2="7">
            <subfield code="a">Queens.</subfield>
            <subfield code="2">fast</subfield>
            <subfield code="0">(OCoLC)fst01085637</subfield>
          </datafield>
          <datafield tag="651" ind1=" " ind2="7">
            <subfield code="a">Egypt.</subfield>
            <subfield code="2">fast</subfield>
            <subfield code="0">(OCoLC)fst01208755</subfield>
          </datafield>
          <datafield tag="648" ind1=" " ind2="7">
            <subfield code="a">332-30 B.C</subfield>
            <subfield code="2">fast</subfield>
          </datafield>
          <datafield tag="655" ind1=" " ind2="7">
            <subfield code="a">Video recordings for the hearing impaired.</subfield>
            <subfield code="2">fast</subfield>
            <subfield code="0">(OCoLC)fst01710450</subfield>
          </datafield>
          <datafield tag="655" ind1=" " ind2="7">
            <subfield code="a">Historical films.</subfield>
            <subfield code="2">fast</subfield>
            <subfield code="0">(OCoLC)fst01710314</subfield>
          </datafield>
          <datafield tag="655" ind1=" " ind2="7">
            <subfield code="a">Feature films.</subfield>
            <subfield code="2">fast</subfield>
            <subfield code="0">(OCoLC)fst01710384</subfield>
          </datafield>
          <datafield tag="655" ind1=" " ind2="7">
            <subfield code="a">Biographical films.</subfield>
            <subfield code="2">fast</subfield>
            <subfield code="0">(OCoLC)fst01710277</subfield>
          </datafield>
          <datafield tag="655" ind1=" " ind2="7">
            <subfield code="a">Drama.</subfield>
            <subfield code="2">fast</subfield>
            <subfield code="0">(OCoLC)fst01423879</subfield>
          </datafield>
          <datafield tag="655" ind1=" " ind2="7">
            <subfield code="a">History.</subfield>
            <subfield code="2">fast</subfield>
            <subfield code="0">(OCoLC)fst01411628</subfield>
          </datafield>
          <datafield tag="655" ind1=" " ind2="7">
            <subfield code="a">Historical films.</subfield>
            <subfield code="2">lcgft</subfield>
          </datafield>
          <datafield tag="655" ind1=" " ind2="7">
            <subfield code="a">Biographical films.</subfield>
            <subfield code="2">lcgft</subfield>
          </datafield>
          <datafield tag="655" ind1=" " ind2="7">
            <subfield code="a">Feature films.</subfield>
            <subfield code="2">lcgft</subfield>
          </datafield>
          <datafield tag="655" ind1=" " ind2="7">
            <subfield code="a">Fiction films.</subfield>
            <subfield code="2">lcgft</subfield>
          </datafield>
          <datafield tag="655" ind1=" " ind2="7">
            <subfield code="a">Video recordings for the hearing impaired.</subfield>
            <subfield code="2">lcgft</subfield>
          </datafield>
          <datafield tag="700" ind1="1" ind2=" ">
            <subfield code="a">Mankiewicz, Joseph L.,</subfield>
            <subfield code="e">film director,</subfield>
            <subfield code="e">screenwriter.</subfield>
          </datafield>
          <datafield tag="700" ind1="1" ind2=" ">
            <subfield code="a">Wanger, Walter,</subfield>
            <subfield code="d">1894-1968,</subfield>
            <subfield code="e">film producer.</subfield>
          </datafield>
          <datafield tag="700" ind1="1" ind2=" ">
            <subfield code="a">MacDougall, Ranald,</subfield>
            <subfield code="e">screenwriter.</subfield>
          </datafield>
          <datafield tag="700" ind1="1" ind2=" ">
            <subfield code="a">Buchman, Sidney,</subfield>
            <subfield code="d">1902-1975,</subfield>
            <subfield code="e">screenwriter.</subfield>
          </datafield>
          <datafield tag="700" ind1="1" ind2=" ">
            <subfield code="a">Taylor, Elizabeth,</subfield>
            <subfield code="d">1932-2011,</subfield>
            <subfield code="e">actor.</subfield>
          </datafield>
          <datafield tag="700" ind1="1" ind2=" ">
            <subfield code="a">Burton, Richard,</subfield>
            <subfield code="d">1925-1984,</subfield>
            <subfield code="e">actor.</subfield>
          </datafield>
          <datafield tag="700" ind1="1" ind2=" ">
            <subfield code="a">Harrison, Rex,</subfield>
            <subfield code="e">actor.</subfield>
          </datafield>
          <datafield tag="710" ind1="2" ind2=" ">
            <subfield code="a">Twentieth Century-Fox Film Corporation,</subfield>
            <subfield code="e">presenter.</subfield>
          </datafield>
          <datafield tag="710" ind1="2" ind2=" ">
            <subfield code="a">Twentieth Century Fox Home Entertainment, Inc.,</subfield>
            <subfield code="e">film distributor.</subfield>
          </datafield>
          <datafield tag="740" ind1="0" ind2="2">
            <subfield code="a">Cleopatra : the film that changed Hollywood.</subfield>
          </datafield>
          <datafield tag="740" ind1="0" ind2="2">
            <subfield code="a">Fourth star of Cleopatra.</subfield>
          </datafield>
          <datafield tag="773" ind1="0" ind2=" ">
            <subfield code="a">Roger Blunck Collection (Library of Congress)</subfield>
          </datafield>
        </record>
      </zs:recordData>
      <zs:recordPosition>8</zs:recordPosition>
    </zs:record>