
    <zs:record>
      <zs:recordSchema/>
      <zs:recordPacking>xml</zs:recordPacking>
      <zs:recordData>
        <record xmlns="http://www.loc.gov/MARC21/slim">
          <leader>03676cgm a22008177i 4500</leader>
          <controlfield tag="001">22668426</controlfield>
          <controlfield tag="005">20220627103951.0</controlfield>
          <controlfield tag="007">vd cvaizm</controlfield>
          <controlfield tag="008">220627t20041946xxu093 g          mleng  </controlfield>
          <datafield tag="906" ind1=" " ind2=" ">
            <subfield code="a">7</subfield>
            <subfield code="b">cbc</subfield>
            <subfield code="c">origres</subfield>
            <subfield code="d">u</subfield>
            <subfield code="e">ncip</subfield>
            <subfield code="f">20</subfield>
            <subfield code="g">y-movingim</subfield>
          </datafield>
          <datafield tag="955" ind1=" " ind2=" ">
            <subfield code="a">qm28 2022-06-27 z-client</subfield>
            <subfield code="i">qm28 2022-06-27</subfield>
          </datafield>
          <datafield tag="010" ind1=" " ind2=" ">
            <subfield code="a">  2022604429</subfield>
          </datafield>
          <datafield tag="020" ind1=" " ind2=" ">
            <subfield code="a">0790793202</subfield>
          </datafield>
          <datafield tag="020" ind1=" " ind2=" ">
            <subfield code="a">9780790793207</subfield>
          </datafield>
          <datafield tag="024" ind1="1" ind2=" ">
            <subfield code="a">012569693029</subfield>
          </datafield>
          <datafield tag="024" ind1="1" ind2=" ">
            <subfield code="a">888574105563</subfield>
          </datafield>
          <datafield tag="028" ind1="4" ind2="1">
            <subfield code="a">66930</subfield>
            <subfield code="b">Warner Home Video</subfield>
          </datafield>
          <datafield tag="035" ind1=" " ind2=" ">
            <subfield code="a">(OCoLC)56200768</subfield>
            <subfield code="z">(OCoLC)760066894</subfield>
            <subfield code="z">(OCoLC)1002352217</subfield>
            <subfield code="z">(OCoLC)1144658785</subfield>
            <subfield code="z">(OCoLC)1230276590</subfield>
          </datafield>
          <datafield tag="037" ind1=" " ind2=" ">
            <subfield code="b">Midwest Tapes</subfield>
            <subfield code="n">http://www.midwesttapes.com</subfield>
          </datafield>
          <datafield tag="040" ind1=" " ind2=" ">
            <subfield code="a">DLC</subfield>
            <subfield code="b">eng</subfield>
            <subfield code="e">rda</subfield>
            <subfield code="c">DLC</subfield>
          </datafield>
          <datafield tag="041" ind1="1" ind2=" ">
            <subfield code="a">eng</subfield>
            <subfield code="a">fre</subfield>
            <subfield code="j">eng</subfield>
            <subfield code="j">fre</subfield>
            <subfield code="j">spa</subfield>
            <subfield code="h">eng</subfield>
          </datafield>
          <datafield tag="046" ind1=" " ind2=" ">
            <subfield code="k">1946</subfield>
            <subfield code="2">edtf</subfield>
          </datafield>
          <datafield tag="050" ind1="0" ind2="0">
            <subfield code="a">DVB 0399 (viewing copy)</subfield>
          </datafield>
          <datafield tag="245" ind1="0" ind2="0">
            <subfield code="a">Courage of Lassie /</subfield>
            <subfield code="c">Metro-Goldwyn-Mayer presents ; produced by Robert Sisk ; screenplay by Lionel Houser ; directed by Fred M. Wilcox.</subfield>
          </datafield>
          <datafield tag="257" ind1=" " ind2=" ">
            <subfield code="a">United States</subfield>
            <subfield code="2">naf</subfield>
          </datafield>
          <datafield tag="264" ind1=" " ind2="2">
            <subfield code="a">[Burbank, CA] :</subfield>
            <subfield code="b">Warner Home Video,</subfield>
            <subfield code="c">[2004]</subfield>
          </datafield>
          <datafield tag="264" ind1=" " ind2="4">
            <subfield code="c">©1946</subfield>
          </datafield>
          <datafield tag="300" ind1=" " ind2=" ">
            <subfield code="3">viewing copy</subfield>
            <subfield code="a">1 videodisc (93 min.) :</subfield>
            <subfield code="b">sound, color ;</subfield>
            <subfield code="c">4 3/4 in.</subfield>
          </datafield>
          <datafield tag="336" ind1=" " ind2=" ">
            <subfield code="a">two-dimensional moving image</subfield>
            <subfield code="b">tdi</subfield>
            <subfield code="2">rdacontent</subfield>
          </datafield>
          <datafield tag="337" ind1=" " ind2=" ">
            <subfield code="a">video</subfield>
            <subfield code="b">v</subfield>
            <subfield code="2">rdamedia</subfield>
          </datafield>
          <datafield tag="338" ind1=" " ind2=" ">
            <subfield code="a">videodisc</subfield>
            <subfield code="b">vd</subfield>
            <subfield code="2">rdacarrier</subfield>
          </datafield>
          <datafield tag="340" ind1=" " ind2=" ">
            <subfield code="b">4 3/4 in.</subfield>
            <subfield code="2">rda</subfield>
          </datafield>
          <datafield tag="344" ind1=" " ind2=" ">
            <subfield code="a">digital</subfield>
            <subfield code="b">optical</subfield>
            <subfield code="g">mono</subfield>
            <subfield code="h">Dolby Digital</subfield>
            <subfield code="2">rda</subfield>
          </datafield>
          <datafield tag="346" ind1=" " ind2=" ">
            <subfield code="b">NTSC</subfield>
            <subfield code="2">rda</subfield>
          </datafield>
          <datafield tag="347" ind1=" " ind2=" ">
            <subfield code="a">video file</subfield>
            <subfield code="e">region 1</subfield>
            <subfield code="2">rda</subfield>
          </datafield>
          <datafield tag="347" ind1=" " ind2=" ">
            <subfield code="b">DVD video</subfield>
          </datafield>
          <datafield tag="380" ind1=" " ind2=" ">
            <subfield code="a">Motion pictures</subfield>
            <subfield code="2">lcgft</subfield>
          </datafield>
          <datafield tag="500" ind1=" " ind2=" ">
            <subfield code="a">Full screen presentation.</subfield>
          </datafield>
          <datafield tag="546" ind1=" " ind2=" ">
            <subfield code="a">English or French dialogue; English, French or Spanish subtitles; closed-captioned.</subfield>
          </datafield>
          <datafield tag="500" ind1=" " ind2=" ">
            <subfield code="a">Originally released as a motion picture in 1946.</subfield>
          </datafield>
          <datafield tag="500" ind1=" " ind2=" ">
            <subfield code="a">Title from container.</subfield>
          </datafield>
          <datafield tag="511" ind1="1" ind2=" ">
            <subfield code="a">Elizabeth Taylor, Frank Morgan, Tom Drake.</subfield>
          </datafield>
          <datafield tag="508" ind1=" " ind2=" ">
            <subfield code="a">Director of photography, Leonard Smith; music, Scott Bradley, Bronislau Kaper; editor, Conrad A. Nervig.</subfield>
          </datafield>
          <datafield tag="520" ind1=" " ind2=" ">
            <subfield code="a">Bill, a pup who's been separated from his mother, is adopted by a young girl. A car accident parts the two of them and Bill becomes a part of a WWII K-9 unit.</subfield>
          </datafield>
          <datafield tag="500" ind1=" " ind2=" ">
            <subfield code="a">Special features: two vintage cartoons: Droopy in Northwest Hounded Police and Tom and Jerry in Solid Serenade; theatrical trailer.</subfield>
          </datafield>
          <datafield tag="500" ind1=" " ind2=" ">
            <subfield code="a">Sources used: videodisc container; Internet movie database WWW site, June 27, 2022.</subfield>
          </datafield>
          <datafield tag="600" ind1="0" ind2="0">
            <subfield code="a">Lassie</subfield>
            <subfield code="c">(Fictitious character)</subfield>
            <subfield code="v">Drama.</subfield>
          </datafield>
          <datafield tag="650" ind1=" " ind2="0">
            <subfield code="a">Dogs</subfield>
            <subfield code="v">Drama.</subfield>
          </datafield>
          <datafield tag="600" ind1="0" ind2="7">
            <subfield code="a">Lassie</subfield>
            <subfield code="c">(Fictitious character)</subfield>
            <subfield code="2">fast</subfield>
            <subfield code="0">(OCoLC)fst00992927</subfield>
          </datafield>
          <datafield tag="650" ind1=" " ind2="7">
            <subfield code="a">Dogs.</subfield>
            <subfield code="2">fast</subfield>
            <subfield code="0">(OCoLC)fst00896265</subfield>
          </datafield>
          <datafield tag="655" ind1=" " ind2="7">
            <subfield code="a">Juvenile works.</subfield>
            <subfield code="2">fast</subfield>
            <subfield code="0">(OCoLC)fst01411637</subfield>
          </datafield>
          <datafield tag="655" ind1=" " ind2="7">
            <subfield code="a">Children's films.</subfield>
            <subfield code="2">fast</subfield>
            <subfield code="0">(OCoLC)fst01920781</subfield>
          </datafield>
          <datafield tag="655" ind1=" " ind2="7">
            <subfield code="a">Drama.</subfield>
            <subfield code="2">fast</subfield>
            <subfield code="0">(OCoLC)fst01423879</subfield>
          </datafield>
          <datafield tag="655" ind1=" " ind2="7">
            <subfield code="a">Feature films.</subfield>
            <subfield code="2">fast</subfield>
            <subfield code="0">(OCoLC)fst01710384</subfield>
          </datafield>
          <datafield tag="655" ind1=" " ind2="7">
            <subfield code="a">Fiction films.</subfield>
            <subfield code="2">fast</subfield>
            <subfield code="0">(OCoLC)fst01710264</subfield>
          </datafield>
          <datafield tag="655" ind1=" " ind2="7">
            <subfield code="a">Video recordings for the hearing impaired.</subfield>
            <subfield code="2">fast</subfield>
            <subfield code="0">(OCoLC)fst01710450</subfield>
          </datafield>
          <datafield tag="655" ind1=" " ind2="7">
            <subfield code="a">Children's films.</subfield>
            <subfield code="2">lcgft</subfield>
          </datafield>
          <datafield tag="655" ind1=" " ind2="7">
            <subfield code="a">Feature films.</subfield>
            <subfield code="2">lcgft</subfield>
          </datafield>
          <datafield tag="655" ind1=" " ind2="7">
            <subfield code="a">Fiction films.</subfield>
            <subfield code="2">lcgft</subfield>
          </datafield>
          <datafield tag="655" ind1=" " ind2="7">
            <subfield code="a">Video recordings for the hearing impaired.</subfield>
            <subfield code="2">lcgft</subfield>
          </datafield>
          <datafield tag="700" ind1="1" ind2=" ">
            <subfield code="a">Wilcox, Fred M.,</subfield>
            <subfield code="e">film director.</subfield>
          </datafield>
          <datafield tag="700" ind1="1" ind2=" ">
            <subfield code="a">Sisk, Robert,</subfield>
            <subfield code="d">1903-1964,</subfield>
            <subfield code="e">film producer.</subfield>
          </datafield>
          <datafield tag="700" ind1="1" ind2=" ">
            <subfield code="a">Houser, Lionel,</subfield>
            <subfield code="d">1908-1949,</subfield>
            <subfield code="e">screenwriter.</subfield>
          </datafield>
          <datafield tag="700" ind1="1" ind2=" ">
            <subfield code="a">Smith, Leonard,</subfield>
            <subfield code="d">1894-1947,</subfield>
            <subfield code="e">cinematographer.</subfield>
          </datafield>
          <datafield tag="700" ind1="1" ind2=" ">
            <subfield code="a">Bradley, Scott,</subfield>
            <subfield code="e">composer.</subfield>
          </datafield>
          <datafield tag="700" ind1="1" ind2=" ">
            <subfield code="a">Taylor, Elizabeth,</subfield>
            <subfield code="d">1932-2011,</subfield>
            <subfield code="e">actor.</subfield>
          </datafield>
          <datafield tag="700" ind1="1" ind2=" ">
            <subfield code="a">Morgan, Frank,</subfield>
            <subfield code="d">1890-1949,</subfield>
            <subfield code="e">actor.</subfield>
          </datafield>
          <datafield tag="700" ind1="1" ind2=" ">
            <subfield code="a">Drake, Tom,</subfield>
            <subfield code="d">1918-1982,</subfield>
            <subfield code="e">actor.</subfield>
          </datafield>
          <datafield tag="710" ind1="2" ind2=" ">
            <subfield code="a">Metro-Goldwyn-Mayer,</subfield>
            <subfield code="e">presenter.</subfield>
          </datafield>
          <datafield tag="710" ind1="2" ind2=" ">
            <subfield code="a">Warner Home Video (Firm),</subfield>
            <subfield code="e">film distributor.</subfield>
          </datafield>
          <datafield tag="773" ind1="0" ind2=" ">
            <subfield code="a">Roger Blunck Collection (Library of Congress)</subfield>
          </datafield>
        </record>
      </zs:recordData>
      <zs:recordPosition>10</zs:recordPosition>
    </zs:record>