
    <zs:record>
      <zs:recordSchema/>
      <zs:recordPacking>xml</zs:recordPacking>
      <zs:recordData>
        <record xmlns="http://www.loc.gov/MARC21/slim">
          <leader>03291cgm a22007097i 4500</leader>
          <controlfield tag="001">22662554</controlfield>
          <controlfield tag="005">20220623104345.0</controlfield>
          <controlfield tag="007">vd cvaizm</controlfield>
          <controlfield tag="008">220623t20071948xxu113            mleng  </controlfield>
          <datafield tag="906" ind1=" " ind2=" ">
            <subfield code="a">7</subfield>
            <subfield code="b">cbc</subfield>
            <subfield code="c">origres</subfield>
            <subfield code="d">u</subfield>
            <subfield code="e">ncip</subfield>
            <subfield code="f">20</subfield>
            <subfield code="g">y-movingim</subfield>
          </datafield>
          <datafield tag="955" ind1=" " ind2=" ">
            <subfield code="a">qm28 2022-06-23 z-client</subfield>
            <subfield code="i">qm28 2022-06-23</subfield>
          </datafield>
          <datafield tag="010" ind1=" " ind2=" ">
            <subfield code="a">  2022604406</subfield>
          </datafield>
          <datafield tag="020" ind1=" " ind2=" ">
            <subfield code="a">1419861549</subfield>
          </datafield>
          <datafield tag="024" ind1="1" ind2=" ">
            <subfield code="a">012569799738</subfield>
          </datafield>
          <datafield tag="028" ind1="4" ind2="2">
            <subfield code="a">79973</subfield>
            <subfield code="b">Warner Bros. Entertainment</subfield>
          </datafield>
          <datafield tag="035" ind1=" " ind2=" ">
            <subfield code="a">(OCoLC)990713875</subfield>
          </datafield>
          <datafield tag="040" ind1=" " ind2=" ">
            <subfield code="a">DLC</subfield>
            <subfield code="b">eng</subfield>
            <subfield code="e">rda</subfield>
            <subfield code="c">DLC</subfield>
          </datafield>
          <datafield tag="041" ind1="1" ind2=" ">
            <subfield code="a">eng</subfield>
            <subfield code="j">eng</subfield>
            <subfield code="j">fre</subfield>
            <subfield code="h">eng</subfield>
          </datafield>
          <datafield tag="046" ind1=" " ind2=" ">
            <subfield code="k">1948</subfield>
            <subfield code="2">edtf</subfield>
          </datafield>
          <datafield tag="050" ind1="0" ind2="0">
            <subfield code="a">DVB 0374 (viewing copy)</subfield>
          </datafield>
          <datafield tag="245" ind1="0" ind2="2">
            <subfield code="a">A date with Judy /</subfield>
            <subfield code="c">Metro-Goldwyn-Mayer ; screenplay by Dorothy Cooper and Dorothy Kingsley ; directed by Richard Thorpe ; produced by Joe Pasternak.</subfield>
          </datafield>
          <datafield tag="257" ind1=" " ind2=" ">
            <subfield code="a">United States</subfield>
            <subfield code="2">naf</subfield>
          </datafield>
          <datafield tag="264" ind1=" " ind2="2">
            <subfield code="a">Burbank, CA :</subfield>
            <subfield code="b">Warner Home Video,</subfield>
            <subfield code="c">[2007]</subfield>
          </datafield>
          <datafield tag="264" ind1=" " ind2="4">
            <subfield code="c">©1948</subfield>
          </datafield>
          <datafield tag="300" ind1=" " ind2=" ">
            <subfield code="3">viewing copy</subfield>
            <subfield code="a">1 videodisc (114 min.) :</subfield>
            <subfield code="b">sound, color ;</subfield>
            <subfield code="c">4 3/4 in.</subfield>
          </datafield>
          <datafield tag="336" ind1=" " ind2=" ">
            <subfield code="a">two-dimensional moving image</subfield>
            <subfield code="b">tdi</subfield>
            <subfield code="2">rdacontent</subfield>
          </datafield>
          <datafield tag="337" ind1=" " ind2=" ">
            <subfield code="a">video</subfield>
            <subfield code="b">v</subfield>
            <subfield code="2">rdamedia</subfield>
          </datafield>
          <datafield tag="338" ind1=" " ind2=" ">
            <subfield code="a">videodisc</subfield>
            <subfield code="b">vd</subfield>
            <subfield code="2">rdacarrier</subfield>
          </datafield>
          <datafield tag="340" ind1=" " ind2=" ">
            <subfield code="b">4 3/4 in.</subfield>
            <subfield code="2">rda</subfield>
          </datafield>
          <datafield tag="344" ind1=" " ind2=" ">
            <subfield code="a">digital</subfield>
            <subfield code="b">optical</subfield>
            <subfield code="g">mono</subfield>
            <subfield code="h">Dolby Digital</subfield>
            <subfield code="2">rda</subfield>
          </datafield>
          <datafield tag="347" ind1=" " ind2=" ">
            <subfield code="a">video file</subfield>
            <subfield code="e">region 1</subfield>
            <subfield code="2">rda</subfield>
          </datafield>
          <datafield tag="347" ind1=" " ind2=" ">
            <subfield code="b">DVD video</subfield>
          </datafield>
          <datafield tag="380" ind1=" " ind2=" ">
            <subfield code="a">Motion pictures</subfield>
            <subfield code="2">lcgft</subfield>
          </datafield>
          <datafield tag="500" ind1=" " ind2=" ">
            <subfield code="a">Standard version presented in a format preserving the aspect ratio of its original theatrical exhibition.</subfield>
          </datafield>
          <datafield tag="546" ind1=" " ind2=" ">
            <subfield code="a">In English with optional English or French subtitles. English SDH.</subfield>
          </datafield>
          <datafield tag="500" ind1=" " ind2=" ">
            <subfield code="a">Based on the characters created by Aleen Leslie.</subfield>
          </datafield>
          <datafield tag="500" ind1=" " ind2=" ">
            <subfield code="a">Originally produced as a motion picture in 1948.</subfield>
          </datafield>
          <datafield tag="500" ind1=" " ind2=" ">
            <subfield code="a">Title from container.</subfield>
          </datafield>
          <datafield tag="511" ind1="0" ind2=" ">
            <subfield code="a">Wallace Beery, Jane Powell, Elizabeth Taylor, Carmen Miranda, Xavier Cugat and his orchestra, Robert Stack.</subfield>
          </datafield>
          <datafield tag="520" ind1=" " ind2=" ">
            <subfield code="a">Based on a popular radio show, this merry musical follows the adventures of young Judy Foster. For Judy, going to the big school dance is a full-time job and so is making a perfect hash of her friends' and family's love lives--all with the best intentions, of course.</subfield>
          </datafield>
          <datafield tag="500" ind1=" " ind2=" ">
            <subfield code="a">Special features: vintage short Martin Block's musical merry-go-round #3; classic cartoon Professor Tom; theatrical trailer.</subfield>
          </datafield>
          <datafield tag="500" ind1=" " ind2=" ">
            <subfield code="a">Sources used: videodisc container; Internet movie database WWW site, June 23, 2022.</subfield>
          </datafield>
          <datafield tag="655" ind1=" " ind2="7">
            <subfield code="a">Musicals.</subfield>
            <subfield code="2">lcgft</subfield>
          </datafield>
          <datafield tag="655" ind1=" " ind2="7">
            <subfield code="a">Feature films.</subfield>
            <subfield code="2">lcgft</subfield>
          </datafield>
          <datafield tag="655" ind1=" " ind2="7">
            <subfield code="a">Fiction films.</subfield>
            <subfield code="2">lcgft</subfield>
          </datafield>
          <datafield tag="655" ind1=" " ind2="7">
            <subfield code="a">Video recordings for the hearing impaired.</subfield>
            <subfield code="2">lcgft</subfield>
          </datafield>
          <datafield tag="700" ind1="1" ind2=" ">
            <subfield code="a">Thorpe, Richard,</subfield>
            <subfield code="d">1896-1991,</subfield>
            <subfield code="e">film director.</subfield>
          </datafield>
          <datafield tag="700" ind1="1" ind2=" ">
            <subfield code="a">Cooper, Dorothy,</subfield>
            <subfield code="d">1911-2004,</subfield>
            <subfield code="e">screenwriter.</subfield>
          </datafield>
          <datafield tag="700" ind1="1" ind2=" ">
            <subfield code="a">Kingsley, Dorothy,</subfield>
            <subfield code="e">screenwriter.</subfield>
          </datafield>
          <datafield tag="700" ind1="1" ind2=" ">
            <subfield code="a">Pasternak, Joe,</subfield>
            <subfield code="d">1901-1991,</subfield>
            <subfield code="e">film producer.</subfield>
          </datafield>
          <datafield tag="700" ind1="1" ind2=" ">
            <subfield code="a">Powell, Jane,</subfield>
            <subfield code="d">1929-2021,</subfield>
            <subfield code="e">actor.</subfield>
          </datafield>
          <datafield tag="700" ind1="1" ind2=" ">
            <subfield code="a">Beery, Wallace,</subfield>
            <subfield code="e">actor.</subfield>
          </datafield>
          <datafield tag="700" ind1="1" ind2=" ">
            <subfield code="a">Taylor, Elizabeth,</subfield>
            <subfield code="d">1932-2011,</subfield>
            <subfield code="e">actor.</subfield>
          </datafield>
          <datafield tag="700" ind1="1" ind2=" ">
            <subfield code="a">Miranda, Carmen,</subfield>
            <subfield code="d">1909-1955,</subfield>
            <subfield code="e">actor.</subfield>
          </datafield>
          <datafield tag="700" ind1="1" ind2=" ">
            <subfield code="a">Cugat, Xavier,</subfield>
            <subfield code="d">1900-1990,</subfield>
            <subfield code="e">actor.</subfield>
          </datafield>
          <datafield tag="700" ind1="1" ind2=" ">
            <subfield code="a">Stack, Robert,</subfield>
            <subfield code="d">1919-2003,</subfield>
            <subfield code="e">actor.</subfield>
          </datafield>
          <datafield tag="700" ind1="1" ind2=" ">
            <subfield code="a">Leslie, Aleen.</subfield>
          </datafield>
          <datafield tag="740" ind1="0" ind2="2">
            <subfield code="a">Martin Block's musical merry-go-round #3.</subfield>
          </datafield>
          <datafield tag="740" ind1="0" ind2="2">
            <subfield code="a">Professor Tom.</subfield>
          </datafield>
          <datafield tag="710" ind1="2" ind2=" ">
            <subfield code="a">Metro-Goldwyn-Mayer,</subfield>
            <subfield code="e">presenter.</subfield>
          </datafield>
          <datafield tag="710" ind1="2" ind2=" ">
            <subfield code="a">Warner Home Video (Firm),</subfield>
            <subfield code="e">film distributor.</subfield>
          </datafield>
          <datafield tag="773" ind1="0" ind2=" ">
            <subfield code="a">Roger Blunck Collection (Library of Congress)</subfield>
          </datafield>
        </record>
      </zs:recordData>
      <zs:recordPosition>11</zs:recordPosition>
    </zs:record>