
    <zs:record>
      <zs:recordSchema/>
      <zs:recordPacking>xml</zs:recordPacking>
      <zs:recordData>
        <record xmlns="http://www.loc.gov/MARC21/slim">
          <leader>01859cgm a22003975a 4500</leader>
          <controlfield tag="001">17882368</controlfield>
          <controlfield tag="005">20130925135426.0</controlfield>
          <controlfield tag="007">vd cvaizq</controlfield>
          <controlfield tag="008">130911s2002    xxu113            vleng  </controlfield>
          <datafield tag="906" ind1=" " ind2=" ">
            <subfield code="a">0</subfield>
            <subfield code="b">ibc</subfield>
            <subfield code="c">origres</subfield>
            <subfield code="d">2</subfield>
            <subfield code="e">ncip</subfield>
            <subfield code="f">20</subfield>
            <subfield code="g">y-gencatlg</subfield>
          </datafield>
          <datafield tag="925" ind1="0" ind2=" ">
            <subfield code="a">acquire</subfield>
            <subfield code="b">2 shelf copies</subfield>
            <subfield code="x">policy default</subfield>
          </datafield>
          <datafield tag="955" ind1=" " ind2=" ">
            <subfield code="b">hh15 2013-09-11 z-processor to MBRS Culpeper</subfield>
          </datafield>
          <datafield tag="010" ind1=" " ind2=" ">
            <subfield code="a">  2013464080</subfield>
          </datafield>
          <datafield tag="040" ind1=" " ind2=" ">
            <subfield code="a">DLC</subfield>
            <subfield code="c">DLC</subfield>
          </datafield>
          <datafield tag="042" ind1=" " ind2=" ">
            <subfield code="a">pcc</subfield>
          </datafield>
          <datafield tag="245" ind1="0" ind2="0">
            <subfield code="a">Divorce</subfield>
            <subfield code="h">[videorecording] /</subfield>
            <subfield code="c">Passion Productions presents ; written by John Hopkins ; produced by Terence Baker and Gareth Wigan ; directed by Waris Hussein.</subfield>
          </datafield>
          <datafield tag="246" ind1="3" ind2=" ">
            <subfield code="a">Divorce his, divorce hers</subfield>
          </datafield>
          <datafield tag="260" ind1=" " ind2=" ">
            <subfield code="a">[S.l.] :</subfield>
            <subfield code="b">Passion Productions,</subfield>
            <subfield code="c">c2002.</subfield>
          </datafield>
          <datafield tag="300" ind1=" " ind2=" ">
            <subfield code="a">1 videodisc (113 min.) :</subfield>
            <subfield code="b">sd., col. ;</subfield>
            <subfield code="c">4 3/4 in.</subfield>
          </datafield>
          <datafield tag="500" ind1=" " ind2=" ">
            <subfield code="a">Title from title screen.</subfield>
          </datafield>
          <datafield tag="500" ind1=" " ind2=" ">
            <subfield code="a">Special features include: Interactive menues ; scene selection.</subfield>
          </datafield>
          <datafield tag="500" ind1=" " ind2=" ">
            <subfield code="a">Container and disc have time as 180 min.</subfield>
          </datafield>
          <datafield tag="500" ind1=" " ind2=" ">
            <subfield code="a">Originally released as a motion picture in 1973.</subfield>
          </datafield>
          <datafield tag="520" ind1=" " ind2=" ">
            <subfield code="a">It's been said that there are two sides to every story. In the case of divorce, these two sides are often drastically different. In the first half of the Divorce his/divorce hers set, Richard Burton demonstrates the husband's point of view as he goes through divorce proceedings with his soon-to-be ex-wife. In the second half ... the wife offers up her perspective of going through a divorce from her husband.</subfield>
          </datafield>
          <datafield tag="538" ind1=" " ind2=" ">
            <subfield code="a">DVD.</subfield>
          </datafield>
          <datafield tag="650" ind1=" " ind2="0">
            <subfield code="a">Divorce</subfield>
            <subfield code="v">Drama.</subfield>
          </datafield>
          <datafield tag="650" ind1=" " ind2="0">
            <subfield code="a">Man-woman relationships</subfield>
            <subfield code="v">Drama.</subfield>
          </datafield>
          <datafield tag="650" ind1=" " ind2="0">
            <subfield code="a">Feature films.</subfield>
          </datafield>
          <datafield tag="700" ind1="1" ind2=" ">
            <subfield code="a">Hussein, Waris,</subfield>
            <subfield code="d">1938-</subfield>
          </datafield>
          <datafield tag="700" ind1="1" ind2=" ">
            <subfield code="a">Baker, Terence.</subfield>
          </datafield>
          <datafield tag="700" ind1="1" ind2=" ">
            <subfield code="a">Wigan, Gareth.</subfield>
          </datafield>
          <datafield tag="700" ind1="1" ind2=" ">
            <subfield code="a">Hopkins, John,</subfield>
            <subfield code="d">1931-1998.</subfield>
          </datafield>
          <datafield tag="700" ind1="1" ind2=" ">
            <subfield code="a">Burton, Richard,</subfield>
            <subfield code="d">1925-1984.</subfield>
          </datafield>
          <datafield tag="700" ind1="1" ind2=" ">
            <subfield code="a">Taylor, Elizabeth,</subfield>
            <subfield code="d">1932-2011.</subfield>
          </datafield>
          <datafield tag="710" ind1="2" ind2=" ">
            <subfield code="a">Passion Products.</subfield>
          </datafield>
          <datafield tag="923" ind1=" " ind2=" ">
            <subfield code="a">20130911</subfield>
            <subfield code="n">312159 (311699)</subfield>
            <subfield code="s">Alibris</subfield>
          </datafield>
        </record>
      </zs:recordData>
      <zs:recordPosition>12</zs:recordPosition>
    </zs:record>