
    <zs:record>
      <zs:recordSchema/>
      <zs:recordPacking>xml</zs:recordPacking>
      <zs:recordData>
        <record xmlns="http://www.loc.gov/MARC21/slim">
          <leader>03517cgm a22007937i 4500</leader>
          <controlfield tag="001">22670585</controlfield>
          <controlfield tag="005">20220629071734.0</controlfield>
          <controlfield tag="007">vd cvaizm</controlfield>
          <controlfield tag="008">220628t20052005xxu102 g          mleng  </controlfield>
          <datafield tag="906" ind1=" " ind2=" ">
            <subfield code="a">7</subfield>
            <subfield code="b">cbc</subfield>
            <subfield code="c">origres</subfield>
            <subfield code="d">u</subfield>
            <subfield code="e">ncip</subfield>
            <subfield code="f">20</subfield>
            <subfield code="g">y-movingim</subfield>
          </datafield>
          <datafield tag="955" ind1=" " ind2=" ">
            <subfield code="a">qm28 2022-06-28 z-client</subfield>
            <subfield code="i">qm28 2022-06-28</subfield>
            <subfield code="a">qm28 2022-06-29</subfield>
          </datafield>
          <datafield tag="010" ind1=" " ind2=" ">
            <subfield code="a">  2022604449</subfield>
          </datafield>
          <datafield tag="020" ind1=" " ind2=" ">
            <subfield code="a">141571245X</subfield>
          </datafield>
          <datafield tag="020" ind1=" " ind2=" ">
            <subfield code="a">9781415712450</subfield>
          </datafield>
          <datafield tag="024" ind1="1" ind2="0">
            <subfield code="a">097360531749</subfield>
          </datafield>
          <datafield tag="028" ind1="4" ind2="2">
            <subfield code="a">05317</subfield>
            <subfield code="b">Paramount Home Entertainment</subfield>
          </datafield>
          <datafield tag="035" ind1=" " ind2=" ">
            <subfield code="a">(OCoLC)60038522</subfield>
            <subfield code="z">(OCoLC)589871754</subfield>
            <subfield code="z">(OCoLC)1005758724</subfield>
            <subfield code="z">(OCoLC)1033530515</subfield>
            <subfield code="z">(OCoLC)1054081487</subfield>
            <subfield code="z">(OCoLC)1110531171</subfield>
            <subfield code="z">(OCoLC)1143621767</subfield>
          </datafield>
          <datafield tag="037" ind1=" " ind2=" ">
            <subfield code="b">Midwest Tapes</subfield>
            <subfield code="n">http://www.midwesttapes.com</subfield>
          </datafield>
          <datafield tag="040" ind1=" " ind2=" ">
            <subfield code="a">DLC</subfield>
            <subfield code="b">eng</subfield>
            <subfield code="e">rda</subfield>
            <subfield code="c">DLC</subfield>
          </datafield>
          <datafield tag="041" ind1="0" ind2=" ">
            <subfield code="a">eng</subfield>
            <subfield code="j">eng</subfield>
          </datafield>
          <datafield tag="043" ind1=" " ind2=" ">
            <subfield code="a">a-ce---</subfield>
          </datafield>
          <datafield tag="046" ind1=" " ind2=" ">
            <subfield code="k">1954</subfield>
            <subfield code="2">edtf</subfield>
          </datafield>
          <datafield tag="050" ind1="0" ind2="0">
            <subfield code="a">DVE 6464 (viewing copy)</subfield>
          </datafield>
          <datafield tag="130" ind1="0" ind2=" ">
            <subfield code="a">Elephant Walk (Motion picture)</subfield>
          </datafield>
          <datafield tag="245" ind1="1" ind2="0">
            <subfield code="a">Elephant Walk /</subfield>
            <subfield code="c">Paramount Pictures presents ; produced by Irving Asher ; screenplay by John Lee Mahin ; directed by William Dieterle.</subfield>
          </datafield>
          <datafield tag="257" ind1=" " ind2=" ">
            <subfield code="a">United States</subfield>
            <subfield code="2">naf</subfield>
          </datafield>
          <datafield tag="264" ind1=" " ind2="2">
            <subfield code="a">Hollywood, Calif. :</subfield>
            <subfield code="b">Paramount Home Entertainment,</subfield>
            <subfield code="c">[2005]</subfield>
          </datafield>
          <datafield tag="264" ind1=" " ind2="4">
            <subfield code="c">©2005</subfield>
          </datafield>
          <datafield tag="300" ind1=" " ind2=" ">
            <subfield code="3">viewing copy</subfield>
            <subfield code="a">1 videodisc (102 min.) :</subfield>
            <subfield code="b">sound, color ;</subfield>
            <subfield code="c">4 3/4 in.</subfield>
          </datafield>
          <datafield tag="336" ind1=" " ind2=" ">
            <subfield code="a">two-dimensional moving image</subfield>
            <subfield code="b">tdi</subfield>
            <subfield code="2">rdacontent</subfield>
          </datafield>
          <datafield tag="337" ind1=" " ind2=" ">
            <subfield code="a">video</subfield>
            <subfield code="b">v</subfield>
            <subfield code="2">rdamedia</subfield>
          </datafield>
          <datafield tag="338" ind1=" " ind2=" ">
            <subfield code="a">videodisc</subfield>
            <subfield code="b">vd</subfield>
            <subfield code="2">rdacarrier</subfield>
          </datafield>
          <datafield tag="340" ind1=" " ind2=" ">
            <subfield code="b">4 3/4 in.</subfield>
            <subfield code="2">rda</subfield>
          </datafield>
          <datafield tag="344" ind1=" " ind2=" ">
            <subfield code="a">digital</subfield>
            <subfield code="b">optical</subfield>
            <subfield code="g">mono</subfield>
            <subfield code="h">Dolby Digital</subfield>
            <subfield code="2">rda</subfield>
          </datafield>
          <datafield tag="346" ind1=" " ind2=" ">
            <subfield code="b">NTSC</subfield>
            <subfield code="2">rda</subfield>
          </datafield>
          <datafield tag="347" ind1=" " ind2=" ">
            <subfield code="a">video file</subfield>
            <subfield code="e">region 1</subfield>
            <subfield code="2">rda</subfield>
          </datafield>
          <datafield tag="347" ind1=" " ind2=" ">
            <subfield code="b">DVD video</subfield>
          </datafield>
          <datafield tag="380" ind1=" " ind2=" ">
            <subfield code="a">Motion pictures</subfield>
            <subfield code="2">lcgft</subfield>
          </datafield>
          <datafield tag="490" ind1="0" ind2=" ">
            <subfield code="a">Full screen DVD collection</subfield>
          </datafield>
          <datafield tag="500" ind1=" " ind2=" ">
            <subfield code="a">Full screen.</subfield>
          </datafield>
          <datafield tag="546" ind1=" " ind2=" ">
            <subfield code="a">Closed-captioned. Includes English subtitles.</subfield>
          </datafield>
          <datafield tag="500" ind1=" " ind2=" ">
            <subfield code="a">Based on the novel by Robert Standish.</subfield>
          </datafield>
          <datafield tag="500" ind1=" " ind2=" ">
            <subfield code="a">Originally produced as a motion picture in 1954.</subfield>
          </datafield>
          <datafield tag="500" ind1=" " ind2=" ">
            <subfield code="a">Title from container.</subfield>
          </datafield>
          <datafield tag="511" ind1="1" ind2=" ">
            <subfield code="a">Elizabeth Taylor, Dana Andrews, Peter Finch.</subfield>
          </datafield>
          <datafield tag="508" ind1=" " ind2=" ">
            <subfield code="a">Director of photography, Loyal Griggs ; music, Franz Waxman.</subfield>
          </datafield>
          <datafield tag="520" ind1=" " ind2=" ">
            <subfield code="a">The young bride accompanies her husband to his plantation called Elephant Walk, and falls for the overseer. This love triangle is soon dwarfed by a cholera epidemic and a drought that brings herds of elephants to the plantation in a thundering stampede.</subfield>
          </datafield>
          <datafield tag="500" ind1=" " ind2=" ">
            <subfield code="a">Sources used: videodisc container; Internet movie database WWW site, June 28, 2022.</subfield>
          </datafield>
          <datafield tag="650" ind1=" " ind2="0">
            <subfield code="a">Epidemics</subfield>
            <subfield code="z">Sri Lanka</subfield>
            <subfield code="v">Drama.</subfield>
          </datafield>
          <datafield tag="650" ind1=" " ind2="0">
            <subfield code="a">Elephants</subfield>
            <subfield code="v">Drama.</subfield>
          </datafield>
          <datafield tag="650" ind1=" " ind2="0">
            <subfield code="a">Man-woman relationships</subfield>
            <subfield code="v">Drama.</subfield>
          </datafield>
          <datafield tag="650" ind1=" " ind2="7">
            <subfield code="a">Elephants.</subfield>
            <subfield code="2">fast</subfield>
            <subfield code="0">(OCoLC)fst00908011</subfield>
          </datafield>
          <datafield tag="650" ind1=" " ind2="7">
            <subfield code="a">Epidemics.</subfield>
            <subfield code="2">fast</subfield>
            <subfield code="0">(OCoLC)fst00914079</subfield>
          </datafield>
          <datafield tag="650" ind1=" " ind2="7">
            <subfield code="a">Man-woman relationships.</subfield>
            <subfield code="2">fast</subfield>
            <subfield code="0">(OCoLC)fst01007080</subfield>
          </datafield>
          <datafield tag="651" ind1=" " ind2="7">
            <subfield code="a">Sri Lanka.</subfield>
            <subfield code="2">fast</subfield>
            <subfield code="0">(OCoLC)fst01208730</subfield>
          </datafield>
          <datafield tag="655" ind1=" " ind2="7">
            <subfield code="a">Drama.</subfield>
            <subfield code="2">fast</subfield>
            <subfield code="0">(OCoLC)fst01423879</subfield>
          </datafield>
          <datafield tag="655" ind1=" " ind2="7">
            <subfield code="a">Feature films.</subfield>
            <subfield code="2">fast</subfield>
            <subfield code="0">(OCoLC)fst01710384</subfield>
          </datafield>
          <datafield tag="655" ind1=" " ind2="7">
            <subfield code="a">Video recordings for the hearing impaired.</subfield>
            <subfield code="2">fast</subfield>
            <subfield code="0">(OCoLC)fst01710450</subfield>
          </datafield>
          <datafield tag="655" ind1=" " ind2="7">
            <subfield code="a">Feature films.</subfield>
            <subfield code="2">lcgft</subfield>
          </datafield>
          <datafield tag="655" ind1=" " ind2="7">
            <subfield code="a">Fiction films.</subfield>
            <subfield code="2">lcgft</subfield>
          </datafield>
          <datafield tag="655" ind1=" " ind2="7">
            <subfield code="a">Video recordings for the hearing impaired.</subfield>
            <subfield code="2">lcgft</subfield>
          </datafield>
          <datafield tag="700" ind1="1" ind2=" ">
            <subfield code="a">Dieterle, William,</subfield>
            <subfield code="d">1893-1972,</subfield>
            <subfield code="e">film director.</subfield>
          </datafield>
          <datafield tag="700" ind1="1" ind2=" ">
            <subfield code="a">Mahin, John Lee,</subfield>
            <subfield code="d">1902-1984,</subfield>
            <subfield code="e">screenwriter.</subfield>
          </datafield>
          <datafield tag="700" ind1="1" ind2=" ">
            <subfield code="a">Taylor, Elizabeth,</subfield>
            <subfield code="d">1932-2011,</subfield>
            <subfield code="e">actor.</subfield>
          </datafield>
          <datafield tag="700" ind1="1" ind2=" ">
            <subfield code="a">Andrews, Dana,</subfield>
            <subfield code="d">1909-1992,</subfield>
            <subfield code="e">actor.</subfield>
          </datafield>
          <datafield tag="700" ind1="1" ind2=" ">
            <subfield code="a">Finch, Peter,</subfield>
            <subfield code="d">1916-1977,</subfield>
            <subfield code="e">actor.</subfield>
          </datafield>
          <datafield tag="700" ind1="1" ind2=" ">
            <subfield code="a">Standish, Robert.</subfield>
            <subfield code="t">Elephant Walk.</subfield>
          </datafield>
          <datafield tag="710" ind1="2" ind2=" ">
            <subfield code="a">Paramount Pictures Corporation,</subfield>
            <subfield code="e">presenter.</subfield>
          </datafield>
          <datafield tag="773" ind1="0" ind2=" ">
            <subfield code="a">Roger Blunck Collection (Library of Congress)</subfield>
          </datafield>
        </record>
      </zs:recordData>
      <zs:recordPosition>13</zs:recordPosition>
    </zs:record>