
    <zs:record>
      <zs:recordSchema/>
      <zs:recordPacking>xml</zs:recordPacking>
      <zs:recordData>
        <record xmlns="http://www.loc.gov/MARC21/slim">
          <leader>03164cgm a22006375a 4500</leader>
          <controlfield tag="001">11688838</controlfield>
          <controlfield tag="005">20150113140716.0</controlfield>
          <controlfield tag="007">vducgaizu</controlfield>
          <controlfield tag="008">961231r19851956xxu201            vleng  </controlfield>
          <datafield tag="906" ind1=" " ind2=" ">
            <subfield code="a">0</subfield>
            <subfield code="b">ibc</subfield>
            <subfield code="c">orignew</subfield>
            <subfield code="d">u</subfield>
            <subfield code="e">ncip</subfield>
            <subfield code="f">19</subfield>
            <subfield code="g">y-movingim</subfield>
          </datafield>
          <datafield tag="010" ind1=" " ind2=" ">
            <subfield code="a">   96525880 </subfield>
          </datafield>
          <datafield tag="017" ind1=" " ind2=" ">
            <subfield code="a">LP9719</subfield>
            <subfield code="b">U.S. Copyright Office</subfield>
          </datafield>
          <datafield tag="035" ind1=" " ind2=" ">
            <subfield code="9">(DLC)   96525880</subfield>
          </datafield>
          <datafield tag="040" ind1=" " ind2=" ">
            <subfield code="a">DLC</subfield>
            <subfield code="c">DLC</subfield>
            <subfield code="d">DLC</subfield>
            <subfield code="e">amim</subfield>
          </datafield>
          <datafield tag="043" ind1=" " ind2=" ">
            <subfield code="a">n-us-tx</subfield>
          </datafield>
          <datafield tag="050" ind1="0" ind2="0">
            <subfield code="a">DAA 0171 (viewing copy)</subfield>
          </datafield>
          <datafield tag="245" ind1="0" ind2="0">
            <subfield code="a">Giant /</subfield>
            <subfield code="c">Giant Productions ; director, George Stevens ; produced by George Stevens and Henry Ginsberg ; screenplay, Fred Guiol and Ivan Moffat.</subfield>
          </datafield>
          <datafield tag="257" ind1=" " ind2=" ">
            <subfield code="a">U.S.</subfield>
          </datafield>
          <datafield tag="260" ind1=" " ind2=" ">
            <subfield code="a">United States :</subfield>
            <subfield code="b">Warner Bros. Pictures,</subfield>
            <subfield code="c">1956 ;</subfield>
            <subfield code="a">United States :</subfield>
            <subfield code="b">Warner Home Video,</subfield>
            <subfield code="c">[1985]</subfield>
          </datafield>
          <datafield tag="300" ind1=" " ind2=" ">
            <subfield code="a">2 videodiscs of 2 (laser) (ca. 210 min.) :</subfield>
            <subfield code="b">sd., col. ;</subfield>
            <subfield code="c">12 in. viewing copy.</subfield>
          </datafield>
          <datafield tag="500" ind1=" " ind2=" ">
            <subfield code="a">Copyright: Giant Productions; 24Nov56; LP9719. LP1907.</subfield>
          </datafield>
          <datafield tag="500" ind1=" " ind2=" ">
            <subfield code="a">Copyright notice on videodisc jacket: Warner Home Video Inc. ; 1985 (for package design and summary).</subfield>
          </datafield>
          <datafield tag="508" ind1=" " ind2=" ">
            <subfield code="a">Photography, William C. Mellor ; music, Dimitri Tiomkin ; editors, William Hornbeck, Fred Bohanan, Phil Anderson.</subfield>
          </datafield>
          <datafield tag="511" ind1="1" ind2=" ">
            <subfield code="a">Elizabeth Taylor, Rock Hudson, James Dean, Carroll Baker, Jane Withers, Chill Wills, Mercedes McCambridge, Sal Mineo, Dennis Hopper, Judith Evelyn, Paul Fix, Rod Taylor, Earl Holliman, Alexander Scourby.</subfield>
          </datafield>
          <datafield tag="500" ind1=" " ind2=" ">
            <subfield code="a">Reissue date is copyright date for package design from videodisc jacket.</subfield>
          </datafield>
          <datafield tag="500" ind1=" " ind2=" ">
            <subfield code="a">Two discs in one jacket.</subfield>
          </datafield>
          <datafield tag="520" ind1=" " ind2=" ">
            <subfield code="a">Three generations of land-rich Texans love, swagger, connive and clash in a monumental drama of family strife, racial bigotry and conflict between cattle barons and newly-rich oil tycoons.</subfield>
          </datafield>
          <datafield tag="500" ind1=" " ind2=" ">
            <subfield code="a">Summary from videodisc jacket.</subfield>
          </datafield>
          <datafield tag="500" ind1=" " ind2=" ">
            <subfield code="a">On videodisc jacket: 11414LV.</subfield>
          </datafield>
          <datafield tag="500" ind1=" " ind2=" ">
            <subfield code="a">Based on the book of the same title by Edna Ferber.</subfield>
          </datafield>
          <datafield tag="500" ind1=" " ind2=" ">
            <subfield code="a">Sources used: videodisc jacket; M/B/RS preliminary shelflist card; Ross &amp; Nash's The motion picture guide, 1927-1983, p. 1005-1006.</subfield>
          </datafield>
          <datafield tag="541" ind1=" " ind2=" ">
            <subfield code="d">Received: 11-6-91;</subfield>
            <subfield code="3">viewing copy;</subfield>
            <subfield code="c">purchase, purchase order no. 172525;</subfield>
            <subfield code="a">LC Purchase Collection.</subfield>
          </datafield>
          <datafield tag="650" ind1=" " ind2="0">
            <subfield code="a">Ranch life</subfield>
            <subfield code="z">Texas</subfield>
            <subfield code="v">Drama.</subfield>
          </datafield>
          <datafield tag="650" ind1=" " ind2="0">
            <subfield code="a">Families</subfield>
            <subfield code="z">Texas</subfield>
            <subfield code="v">Drama.</subfield>
          </datafield>
          <datafield tag="650" ind1=" " ind2="0">
            <subfield code="a">Marriage</subfield>
            <subfield code="v">Drama.</subfield>
          </datafield>
          <datafield tag="655" ind1=" " ind2="7">
            <subfield code="a">Videodiscs.</subfield>
            <subfield code="2">gmgpc</subfield>
          </datafield>
          <datafield tag="655" ind1=" " ind2="7">
            <subfield code="a">Epics.</subfield>
            <subfield code="2">mim</subfield>
          </datafield>
          <datafield tag="655" ind1=" " ind2="7">
            <subfield code="a">Features.</subfield>
            <subfield code="2">mim</subfield>
          </datafield>
          <datafield tag="655" ind1=" " ind2="7">
            <subfield code="a">Adaptations.</subfield>
            <subfield code="2">mim</subfield>
          </datafield>
          <datafield tag="655" ind1=" " ind2="7">
            <subfield code="a">Westerns.</subfield>
            <subfield code="2">mim</subfield>
          </datafield>
          <datafield tag="700" ind1="1" ind2=" ">
            <subfield code="a">Stevens, George,</subfield>
            <subfield code="d">1904-1975,</subfield>
            <subfield code="e">direction,</subfield>
            <subfield code="e">production.</subfield>
          </datafield>
          <datafield tag="700" ind1="1" ind2=" ">
            <subfield code="a">Guiol, Fred,</subfield>
            <subfield code="d">1898-1964,</subfield>
            <subfield code="e">writing.</subfield>
          </datafield>
          <datafield tag="700" ind1="1" ind2=" ">
            <subfield code="a">Moffat, Ivan,</subfield>
            <subfield code="e">writing.</subfield>
          </datafield>
          <datafield tag="700" ind1="1" ind2=" ">
            <subfield code="a">Taylor, Elizabeth,</subfield>
            <subfield code="d">1932-2011,</subfield>
            <subfield code="e">cast.</subfield>
          </datafield>
          <datafield tag="700" ind1="1" ind2=" ">
            <subfield code="a">Hudson, Rock,</subfield>
            <subfield code="d">1925-1985,</subfield>
            <subfield code="e">cast.</subfield>
          </datafield>
          <datafield tag="700" ind1="1" ind2=" ">
            <subfield code="a">Dean, James,</subfield>
            <subfield code="d">1931-1955,</subfield>
            <subfield code="e">cast.</subfield>
          </datafield>
          <datafield tag="700" ind1="1" ind2=" ">
            <subfield code="a">Baker, Carroll,</subfield>
            <subfield code="d">1931-</subfield>
            <subfield code="e">cast.</subfield>
          </datafield>
          <datafield tag="700" ind1="1" ind2=" ">
            <subfield code="a">Withers, Jane,</subfield>
            <subfield code="d">1926-</subfield>
            <subfield code="e">cast.</subfield>
          </datafield>
          <datafield tag="700" ind1="1" ind2=" ">
            <subfield code="a">Wills, Chill,</subfield>
            <subfield code="d">1902-1978,</subfield>
            <subfield code="e">cast.</subfield>
          </datafield>
          <datafield tag="700" ind1="1" ind2=" ">
            <subfield code="a">McCambridge, Mercedes,</subfield>
            <subfield code="e">cast.</subfield>
          </datafield>
          <datafield tag="700" ind1="1" ind2=" ">
            <subfield code="a">Mineo, Sal,</subfield>
            <subfield code="d">1939-1976,</subfield>
            <subfield code="e">cast.</subfield>
          </datafield>
          <datafield tag="700" ind1="1" ind2=" ">
            <subfield code="a">Hopper, Dennis,</subfield>
            <subfield code="d">1936-2010,</subfield>
            <subfield code="e">cast.</subfield>
          </datafield>
          <datafield tag="700" ind1="1" ind2=" ">
            <subfield code="a">Taylor, Rod,</subfield>
            <subfield code="d">1930-2015,</subfield>
            <subfield code="e">cast.</subfield>
          </datafield>
          <datafield tag="710" ind1="2" ind2=" ">
            <subfield code="a">LC Purchase Collection (Library of Congress)</subfield>
            <subfield code="5">DLC</subfield>
          </datafield>
          <datafield tag="953" ind1=" " ind2=" ">
            <subfield code="a">TE01</subfield>
          </datafield>
          <datafield tag="991" ind1=" " ind2=" ">
            <subfield code="b">c-MP&amp;TV</subfield>
            <subfield code="h">DAA 0171 (viewing copy)</subfield>
            <subfield code="w">MUMS VM File</subfield>
          </datafield>
        </record>
      </zs:recordData>
      <zs:recordPosition>19</zs:recordPosition>
    </zs:record>