
    <zs:record>
      <zs:recordSchema/>
      <zs:recordPacking>xml</zs:recordPacking>
      <zs:recordData>
        <record xmlns="http://www.loc.gov/MARC21/slim">
          <leader>02879cam a22004814a 4500</leader>
          <controlfield tag="001">15754548</controlfield>
          <controlfield tag="005">20100921131717.0</controlfield>
          <controlfield tag="008">090527s2010    enk      b    001 0 eng  </controlfield>
          <datafield tag="906" ind1=" " ind2=" ">
            <subfield code="a">7</subfield>
            <subfield code="b">cbc</subfield>
            <subfield code="c">orignew</subfield>
            <subfield code="d">1</subfield>
            <subfield code="e">ecip</subfield>
            <subfield code="f">20</subfield>
            <subfield code="g">y-gencatlg</subfield>
          </datafield>
          <datafield tag="925" ind1="0" ind2=" ">
            <subfield code="a">acquire</subfield>
            <subfield code="b">2 shelf copies</subfield>
            <subfield code="x">policy default</subfield>
          </datafield>
          <datafield tag="955" ind1=" " ind2=" ">
            <subfield code="a">xh03 2009-06-02</subfield>
            <subfield code="d">xh03 2009-06-02 to shelflisting</subfield>
            <subfield code="e">xh10 2009-06-02 to Dewey</subfield>
            <subfield code="w">rd08 2009-06-02</subfield>
            <subfield code="a">xe11 2010-01-27 1 copy rec'd., to CIP ver.</subfield>
            <subfield code="f">rf09 2010-01-29 Z-CipVer to BCCD</subfield>
            <subfield code="t">rh18 2010-09-21 copy 2 added</subfield>
          </datafield>
          <datafield tag="010" ind1=" " ind2=" ">
            <subfield code="a">  2009021808</subfield>
          </datafield>
          <datafield tag="015" ind1=" " ind2=" ">
            <subfield code="a">GBA984025</subfield>
            <subfield code="2">bnb</subfield>
          </datafield>
          <datafield tag="016" ind1="7" ind2=" ">
            <subfield code="a">101506078</subfield>
            <subfield code="2">DNLM</subfield>
          </datafield>
          <datafield tag="016" ind1="7" ind2=" ">
            <subfield code="a">015356792</subfield>
            <subfield code="2">Uk</subfield>
          </datafield>
          <datafield tag="020" ind1=" " ind2=" ">
            <subfield code="a">9780415468886 (hbk.)</subfield>
          </datafield>
          <datafield tag="020" ind1=" " ind2=" ">
            <subfield code="a">0415468884 (hbk.)</subfield>
          </datafield>
          <datafield tag="020" ind1=" " ind2=" ">
            <subfield code="a">0415468892 (pbk.)</subfield>
          </datafield>
          <datafield tag="020" ind1=" " ind2=" ">
            <subfield code="a">9780415468893 (pbk.)</subfield>
          </datafield>
          <datafield tag="020" ind1=" " ind2=" ">
            <subfield code="a">9780203864982 (ebk.)</subfield>
          </datafield>
          <datafield tag="020" ind1=" " ind2=" ">
            <subfield code="a">0203864980 (ebk.)</subfield>
          </datafield>
          <datafield tag="035" ind1=" " ind2=" ">
            <subfield code="a">(OCoLC)ocn244057358</subfield>
          </datafield>
          <datafield tag="040" ind1=" " ind2=" ">
            <subfield code="a">DNLM/DLC</subfield>
            <subfield code="c">DLC</subfield>
            <subfield code="d">YDX</subfield>
            <subfield code="d">BTCTA</subfield>
            <subfield code="d">BAKER</subfield>
            <subfield code="d">NLM</subfield>
            <subfield code="d">UKM</subfield>
            <subfield code="d">YDXCP</subfield>
            <subfield code="d">CDX</subfield>
            <subfield code="d">BWX</subfield>
            <subfield code="d">DLC</subfield>
          </datafield>
          <datafield tag="042" ind1=" " ind2=" ">
            <subfield code="a">pcc</subfield>
          </datafield>
          <datafield tag="050" ind1="0" ind2="0">
            <subfield code="a">HQ772</subfield>
            <subfield code="b">.K455 2010</subfield>
          </datafield>
          <datafield tag="060" ind1="1" ind2="0">
            <subfield code="a">WS 105</subfield>
            <subfield code="b">K44 2010</subfield>
          </datafield>
          <datafield tag="082" ind1="0" ind2="0">
            <subfield code="a">305.231</subfield>
            <subfield code="2">22</subfield>
          </datafield>
          <datafield tag="245" ind1="0" ind2="0">
            <subfield code="a">Key issues in childhood and youth studies /</subfield>
            <subfield code="c">edited by Derek Kassem, Lisa Murphy, and Elizabeth Taylor.</subfield>
          </datafield>
          <datafield tag="260" ind1=" " ind2=" ">
            <subfield code="a">Milton Park, Abingdon, Oxon ;</subfield>
            <subfield code="a">New York, NY :</subfield>
            <subfield code="b">Routledge,</subfield>
            <subfield code="c">2010.</subfield>
          </datafield>
          <datafield tag="300" ind1=" " ind2=" ">
            <subfield code="a">219 p. ;</subfield>
            <subfield code="c">25 cm.</subfield>
          </datafield>
          <datafield tag="504" ind1=" " ind2=" ">
            <subfield code="a">Includes bibliographical references and index.</subfield>
          </datafield>
          <datafield tag="505" ind1="0" ind2=" ">
            <subfield code="a">In the beginning? The origins of childhood / John Clarke -- The building blocks : construction of childhood / Shirley J Pressler -- A mixed life : race, racism, and mixed heritage / Derek Kassem -- Mind games : the psychology of the child / Diahann Gallard -- Inborn or bred : the development of speech and language / Lisa Murphy -- Coming of age : childhood sexuality / John Clarke -- The nanny state? Children and the notion of risk / Andrew Kennedy -- Not seen, not heard : the child and protection / Lynne Kendal -- The parent of last resort : life as a looked-after child / Derek Kassem -- Healthy in body, healthy in? / John Harrison -- The devil wears a hoodie : the social construction of deviant identities / John Robinson -- Up against the wall : the testing regime of childhood / Terry Wrigley -- Rightfully mine! The rights of the child / Heather Montgomery -- The have-not nots : childhood and youth poverty in the UK / Diane Grant -- Brutalized childhoods : the Palestinian experience / Samir Qouta -- The death of childhood : childhood in the context of HIV/AIDS / Gabriella Torstensson -- To go or to starve : moving for a better life / Sam Punch.</subfield>
          </datafield>
          <datafield tag="650" ind1=" " ind2="0">
            <subfield code="a">Child development.</subfield>
          </datafield>
          <datafield tag="650" ind1=" " ind2="0">
            <subfield code="a">Children.</subfield>
          </datafield>
          <datafield tag="650" ind1=" " ind2="0">
            <subfield code="a">Child welfare.</subfield>
          </datafield>
          <datafield tag="650" ind1="1" ind2="2">
            <subfield code="a">Adolescent Development.</subfield>
          </datafield>
          <datafield tag="650" ind1="1" ind2="2">
            <subfield code="a">Child Development.</subfield>
          </datafield>
          <datafield tag="650" ind1="2" ind2="2">
            <subfield code="a">Adolescent Behavior.</subfield>
          </datafield>
          <datafield tag="650" ind1="2" ind2="2">
            <subfield code="a">Child Behavior.</subfield>
          </datafield>
          <datafield tag="650" ind1="2" ind2="2">
            <subfield code="a">Child Welfare.</subfield>
          </datafield>
          <datafield tag="700" ind1="1" ind2=" ">
            <subfield code="a">Kassem, Derek.</subfield>
          </datafield>
          <datafield tag="700" ind1="1" ind2=" ">
            <subfield code="a">Murphy, Lisa,</subfield>
            <subfield code="d">1969-</subfield>
          </datafield>
          <datafield tag="700" ind1="1" ind2=" ">
            <subfield code="a">Taylor, Elizabeth,</subfield>
            <subfield code="d">1970-</subfield>
          </datafield>
        </record>
      </zs:recordData>
      <zs:recordPosition>22</zs:recordPosition>
    </zs:record>