
    <zs:record>
      <zs:recordSchema/>
      <zs:recordPacking>xml</zs:recordPacking>
      <zs:recordData>
        <record xmlns="http://www.loc.gov/MARC21/slim">
          <leader>03583cgm a22007217a 4500</leader>
          <controlfield tag="001">11651668</controlfield>
          <controlfield tag="005">20230425115919.0</controlfield>
          <controlfield tag="007">mr baaafu|arann||------</controlfield>
          <controlfield tag="007">mr baaafu|arann||------</controlfield>
          <controlfield tag="007">mr baaafu|b|ann||------</controlfield>
          <controlfield tag="008">950703s1970    xxu180            mleng  </controlfield>
          <datafield tag="906" ind1=" " ind2=" ">
            <subfield code="a">7</subfield>
            <subfield code="b">cbc</subfield>
            <subfield code="c">orignew</subfield>
            <subfield code="d">u</subfield>
            <subfield code="e">ncip</subfield>
            <subfield code="f">19</subfield>
            <subfield code="g">y-movingim</subfield>
          </datafield>
          <datafield tag="955" ind1=" " ind2=" ">
            <subfield code="i">qm10 2011-10-28</subfield>
          </datafield>
          <datafield tag="035" ind1=" " ind2=" ">
            <subfield code="9">(DLC)   95510030</subfield>
          </datafield>
          <datafield tag="010" ind1=" " ind2=" ">
            <subfield code="a">   95510030 </subfield>
          </datafield>
          <datafield tag="017" ind1=" " ind2=" ">
            <subfield code="a">MP20745</subfield>
            <subfield code="b">U.S. Copyright Office</subfield>
          </datafield>
          <datafield tag="040" ind1=" " ind2=" ">
            <subfield code="a">DLC</subfield>
            <subfield code="c">DLC</subfield>
            <subfield code="d">DLC</subfield>
            <subfield code="e">amim</subfield>
          </datafield>
          <datafield tag="043" ind1=" " ind2=" ">
            <subfield code="a">n-us---</subfield>
          </datafield>
          <datafield tag="050" ind1="0" ind2="0">
            <subfield code="a">FGC 2890-2900 (viewing print)</subfield>
          </datafield>
          <datafield tag="050" ind1="0" ind2="0">
            <subfield code="a">FGE 5055-5065 (viewing print, copy 2)</subfield>
          </datafield>
          <datafield tag="050" ind1="0" ind2="0">
            <subfield code="a">FQA 2820-2830 (dupe neg)</subfield>
          </datafield>
          <datafield tag="245" ind1="0" ind2="0">
            <subfield code="a">King :</subfield>
            <subfield code="b">a filmed record : Montgomery to Memphis /</subfield>
            <subfield code="c">a Commonwealth United Corporation production ; producer, Ely Landau ; associate producer, Richard Kaplan.</subfield>
          </datafield>
          <datafield tag="246" ind1="3" ind2=" ">
            <subfield code="a">Evening in tribute to Dr. Martin Luther King, Jr.</subfield>
          </datafield>
          <datafield tag="246" ind1="3" ind2=" ">
            <subfield code="a">Martin Luther King: from Selma to Montgomery</subfield>
          </datafield>
          <datafield tag="246" ind1="3" ind2=" ">
            <subfield code="a">Montgomery to Memphis</subfield>
          </datafield>
          <datafield tag="257" ind1=" " ind2=" ">
            <subfield code="a">United States.</subfield>
          </datafield>
          <datafield tag="260" ind1=" " ind2=" ">
            <subfield code="a">United States :</subfield>
            <subfield code="b">[s.n.],</subfield>
            <subfield code="c">1970.</subfield>
          </datafield>
          <datafield tag="300" ind1=" " ind2=" ">
            <subfield code="a">22 film reels of 22 on 11 (ca. 16,337 ft.) :</subfield>
            <subfield code="b">sd., b&amp;w ;</subfield>
            <subfield code="c">35 mm.</subfield>
            <subfield code="3">viewing print.</subfield>
          </datafield>
          <datafield tag="300" ind1=" " ind2=" ">
            <subfield code="a">22 film reels of 22 on 11 (ca. 16,337 ft.) :</subfield>
            <subfield code="b">sd., b&amp;w ;</subfield>
            <subfield code="c">35 mm.</subfield>
            <subfield code="3">viewing print (copy 2)</subfield>
          </datafield>
          <datafield tag="300" ind1=" " ind2=" ">
            <subfield code="a">22 film reels of 22 on 11 (ca. 16,337 ft.) :</subfield>
            <subfield code="b">sd., b&amp;w ;</subfield>
            <subfield code="c">35 mm.</subfield>
            <subfield code="3">dupe negative.</subfield>
          </datafield>
          <datafield tag="500" ind1=" " ind2=" ">
            <subfield code="a">Copyright: Martin Luther King Film Project, Inc.; 25Feb70; MP20745.</subfield>
          </datafield>
          <datafield tag="500" ind1=" " ind2=" ">
            <subfield code="a">Film is also known by titles: 1) An evening in tribute to Dr. Martin Luther King, Jr., [and] 2) Martin Luther King: from Selma to Montgomery.</subfield>
          </datafield>
          <datafield tag="508" ind1=" " ind2=" ">
            <subfield code="a">Editors, John Carter, Lora Hays ; musical director, Coleridge Taylor Perkinson.</subfield>
          </datafield>
          <datafield tag="511" ind1="0" ind2=" ">
            <subfield code="a">Hosts sequences: Harry Belafonte, Ruby Dee, Ben Gazzara, Charlton Heston, James Earl Jones, Burt Lancaster, Paul Newman, Anthony Quinn, Clarence Williams III, Joanne Woodward.</subfield>
          </datafield>
          <datafield tag="511" ind1="0" ind2=" ">
            <subfield code="a">Sequence directors: Sidney Lumet and Joseph L. Mankiewicz.</subfield>
          </datafield>
          <datafield tag="500" ind1=" " ind2=" ">
            <subfield code="a">MAVIS 1176242; King: a filmed record...Montgomery to Memphis.</subfield>
            <subfield code="5">DLC</subfield>
          </datafield>
          <datafield tag="500" ind1=" " ind2=" ">
            <subfield code="a">Source(s) used: M/B/RS preliminary shelflist card; Variety film reviews, 3/4/1970; New York times, 3/24/1970, p. A40.</subfield>
          </datafield>
          <datafield tag="541" ind1=" " ind2=" ">
            <subfield code="d">Received: 1970-10-12;</subfield>
            <subfield code="3">viewing print (copy 1) &amp; dupe neg;</subfield>
            <subfield code="c">copyright deposit--adv. selection;</subfield>
            <subfield code="a">Copyright Collection.</subfield>
          </datafield>
          <datafield tag="541" ind1=" " ind2=" ">
            <subfield code="d">Received: 1982-06-12;</subfield>
            <subfield code="3">viewing print (copy 2);</subfield>
            <subfield code="c">gift, ATM 139;</subfield>
            <subfield code="a">AFI/Taylor (Elizabeth) Collection.</subfield>
          </datafield>
          <datafield tag="600" ind1="1" ind2="0">
            <subfield code="a">King, Martin Luther,</subfield>
            <subfield code="c">Jr.,</subfield>
            <subfield code="d">1929-1968.</subfield>
          </datafield>
          <datafield tag="650" ind1=" " ind2="0">
            <subfield code="a">Human rights.</subfield>
          </datafield>
          <datafield tag="650" ind1=" " ind2="0">
            <subfield code="a">Civil rights</subfield>
            <subfield code="z">United States.</subfield>
          </datafield>
          <datafield tag="655" ind1=" " ind2="7">
            <subfield code="a">Documentary films.</subfield>
            <subfield code="2">lcgft</subfield>
          </datafield>
          <datafield tag="655" ind1=" " ind2="7">
            <subfield code="a">Biographical films.</subfield>
            <subfield code="2">lcgft</subfield>
          </datafield>
          <datafield tag="655" ind1=" " ind2="7">
            <subfield code="a">Feature films.</subfield>
            <subfield code="2">lcgft</subfield>
          </datafield>
          <datafield tag="655" ind1=" " ind2="7">
            <subfield code="a">Nonfiction films.</subfield>
            <subfield code="2">lcgft</subfield>
          </datafield>
          <datafield tag="700" ind1="1" ind2=" ">
            <subfield code="a">Landau, Ely,</subfield>
            <subfield code="e">production.</subfield>
          </datafield>
          <datafield tag="700" ind1="1" ind2=" ">
            <subfield code="a">Kaplan, Richard,</subfield>
            <subfield code="d">1925-2018,</subfield>
            <subfield code="e">production.</subfield>
          </datafield>
          <datafield tag="700" ind1="1" ind2=" ">
            <subfield code="a">Perkinson, Coleridge-Taylor,</subfield>
            <subfield code="e">music.</subfield>
          </datafield>
          <datafield tag="700" ind1="1" ind2=" ">
            <subfield code="a">Belafonte, Harry,</subfield>
            <subfield code="d">1927-2023,</subfield>
            <subfield code="e">host.</subfield>
          </datafield>
          <datafield tag="700" ind1="1" ind2=" ">
            <subfield code="a">Dee, Ruby,</subfield>
            <subfield code="e">host.</subfield>
          </datafield>
          <datafield tag="700" ind1="1" ind2=" ">
            <subfield code="a">Gazzara, Ben,</subfield>
            <subfield code="d">1930-2012,</subfield>
            <subfield code="e">host.</subfield>
          </datafield>
          <datafield tag="700" ind1="1" ind2=" ">
            <subfield code="a">Heston, Charlton,</subfield>
            <subfield code="e">host.</subfield>
          </datafield>
          <datafield tag="700" ind1="1" ind2=" ">
            <subfield code="a">Jones, James Earl,</subfield>
            <subfield code="e">host.</subfield>
          </datafield>
          <datafield tag="700" ind1="1" ind2=" ">
            <subfield code="a">Newman, Paul,</subfield>
            <subfield code="d">1925-2008,</subfield>
            <subfield code="e">host.</subfield>
          </datafield>
          <datafield tag="710" ind1="2" ind2=" ">
            <subfield code="a">Martin Luther King Film Project, Inc.</subfield>
          </datafield>
          <datafield tag="710" ind1="2" ind2=" ">
            <subfield code="a">Copyright Collection (Library of Congress)</subfield>
            <subfield code="5">DLC</subfield>
          </datafield>
          <datafield tag="710" ind1="2" ind2=" ">
            <subfield code="a">AFI/Taylor (Elizabeth) Collection (Library of Congress)</subfield>
            <subfield code="5">DLC</subfield>
          </datafield>
          <datafield tag="952" ind1=" " ind2=" ">
            <subfield code="a">Not viewed.</subfield>
          </datafield>
          <datafield tag="953" ind1=" " ind2=" ">
            <subfield code="a">TE01</subfield>
          </datafield>
          <datafield tag="991" ind1=" " ind2=" ">
            <subfield code="b">c-MP&amp;TV</subfield>
            <subfield code="h">FGC 2890-2900 (ref print)</subfield>
            <subfield code="w">MUMS VM File</subfield>
          </datafield>
          <datafield tag="991" ind1=" " ind2=" ">
            <subfield code="b">c-MP&amp;TV</subfield>
            <subfield code="h">FGE 5055-5065 (ref print, copy 2)</subfield>
            <subfield code="w">MUMS VM File</subfield>
          </datafield>
          <datafield tag="991" ind1=" " ind2=" ">
            <subfield code="b">c-MP&amp;TV</subfield>
            <subfield code="h">FQA 2820-2830 (dupe neg)</subfield>
            <subfield code="w">MUMS VM File</subfield>
          </datafield>
        </record>
      </zs:recordData>
      <zs:recordPosition>23</zs:recordPosition>
    </zs:record>