
    <zs:record>
      <zs:recordSchema/>
      <zs:recordPacking>xml</zs:recordPacking>
      <zs:recordData>
        <record xmlns="http://www.loc.gov/MARC21/slim">
          <leader>01409cgm a22003737a 4500</leader>
          <controlfield tag="001">11673595</controlfield>
          <controlfield tag="005">20201002162017.0</controlfield>
          <controlfield tag="007">mrucaaafu</controlfield>
          <controlfield tag="008">960507s1962    xxu007            maeng  </controlfield>
          <datafield tag="906" ind1=" " ind2=" ">
            <subfield code="a">7</subfield>
            <subfield code="b">cbc</subfield>
            <subfield code="c">orignew</subfield>
            <subfield code="d">u</subfield>
            <subfield code="e">ncip</subfield>
            <subfield code="f">19</subfield>
            <subfield code="g">y-movingim</subfield>
          </datafield>
          <datafield tag="955" ind1=" " ind2=" ">
            <subfield code="u">be21 2020-10-02 TW Situational (700,</subfield>
            <subfield code="e">)</subfield>
          </datafield>
          <datafield tag="035" ind1=" " ind2=" ">
            <subfield code="9">(DLC)   96508612</subfield>
          </datafield>
          <datafield tag="010" ind1=" " ind2=" ">
            <subfield code="a">   96508612 </subfield>
          </datafield>
          <datafield tag="017" ind1=" " ind2=" ">
            <subfield code="a">LP22248</subfield>
            <subfield code="b">U.S. Copyright Office</subfield>
          </datafield>
          <datafield tag="040" ind1=" " ind2=" ">
            <subfield code="a">DLC</subfield>
            <subfield code="c">DLC</subfield>
            <subfield code="d">DLC</subfield>
            <subfield code="e">amim</subfield>
          </datafield>
          <datafield tag="050" ind1="0" ind2="0">
            <subfield code="a">FPG 1400 (arch pos)</subfield>
          </datafield>
          <datafield tag="245" ind1="0" ind2="0">
            <subfield code="a">Landing stripling /</subfield>
            <subfield code="c">Metro-Goldwyn-Mayer ; animation, Gene Deitch.</subfield>
          </datafield>
          <datafield tag="257" ind1=" " ind2=" ">
            <subfield code="a">U.S.</subfield>
          </datafield>
          <datafield tag="260" ind1=" " ind2=" ">
            <subfield code="a">United States :</subfield>
            <subfield code="b">Metro-Goldwyn-Mayer,</subfield>
            <subfield code="c">1962.</subfield>
          </datafield>
          <datafield tag="300" ind1=" " ind2=" ">
            <subfield code="a">1 reel of 1 (ca. 630 ft.) :</subfield>
            <subfield code="b">sd., col. ;</subfield>
            <subfield code="c">35 mm. arch pos.</subfield>
          </datafield>
          <datafield tag="440" ind1=" " ind2="0">
            <subfield code="a">Tom and Jerry</subfield>
          </datafield>
          <datafield tag="500" ind1=" " ind2=" ">
            <subfield code="a">Copyright: Metro-Goldwyn-Mayer, Inc.; 31Dec61; LP22248.</subfield>
          </datafield>
          <datafield tag="500" ind1=" " ind2=" ">
            <subfield code="a">Source used: Lenburg, Encyclopedia of animated cartoons, p. 131-133; Catalog of copyright entries, motion pictures, 1960-1969, p. 304.</subfield>
          </datafield>
          <datafield tag="541" ind1=" " ind2=" ">
            <subfield code="d">Received: 6/21/82;</subfield>
            <subfield code="3">arch pos;</subfield>
            <subfield code="c">gift;</subfield>
            <subfield code="a">AFI/Taylor (Elizabeth) Collection.</subfield>
          </datafield>
          <datafield tag="655" ind1=" " ind2="7">
            <subfield code="a">Animation.</subfield>
            <subfield code="2">mim</subfield>
          </datafield>
          <datafield tag="655" ind1=" " ind2="7">
            <subfield code="a">Shorts.</subfield>
            <subfield code="2">mim</subfield>
          </datafield>
          <datafield tag="655" ind1=" " ind2="7">
            <subfield code="a">Series.</subfield>
            <subfield code="2">mim</subfield>
          </datafield>
          <datafield tag="700" ind1="1" ind2=" ">
            <subfield code="a">Deitch, Gene.</subfield>
          </datafield>
          <datafield tag="710" ind1="2" ind2=" ">
            <subfield code="a">AFI/Taylor (Elizabeth) Collection (Library of Congress)</subfield>
            <subfield code="5">DLC</subfield>
          </datafield>
          <datafield tag="786" ind1="1" ind2="8">
            <subfield code="t">Landing stripling</subfield>
            <subfield code="w">(DLC) 2034793</subfield>
            <subfield code="n">MAVIS</subfield>
          </datafield>
          <datafield tag="952" ind1=" " ind2=" ">
            <subfield code="a">35mm</subfield>
          </datafield>
          <datafield tag="952" ind1=" " ind2=" ">
            <subfield code="a">Not viewed.</subfield>
          </datafield>
          <datafield tag="953" ind1=" " ind2=" ">
            <subfield code="a">TE01</subfield>
          </datafield>
          <datafield tag="991" ind1=" " ind2=" ">
            <subfield code="b">c-MP&amp;TV</subfield>
            <subfield code="h">CPA 0712 (arch pos)</subfield>
            <subfield code="w">MUMS VM File</subfield>
          </datafield>
        </record>
      </zs:recordData>
      <zs:recordPosition>24</zs:recordPosition>
    </zs:record>