
    <zs:record>
      <zs:recordSchema/>
      <zs:recordPacking>xml</zs:recordPacking>
      <zs:recordData>
        <record xmlns="http://www.loc.gov/MARC21/slim">
          <leader>04576cgm a2200889 a 4500</leader>
          <controlfield tag="001">11667349</controlfield>
          <controlfield tag="005">20171113102533.0</controlfield>
          <controlfield tag="007">mrucu-ufn</controlfield>
          <controlfield tag="007">murcu-ufn</controlfield>
          <controlfield tag="007">mrucu-ufn</controlfield>
          <controlfield tag="007">mrunzaafu</controlfield>
          <controlfield tag="007">mrucuaafu</controlfield>
          <controlfield tag="008">960126s1943    xxu090            mleng  </controlfield>
          <datafield tag="035" ind1=" " ind2=" ">
            <subfield code="9">(DLC)   96501371</subfield>
          </datafield>
          <datafield tag="906" ind1=" " ind2=" ">
            <subfield code="a">7</subfield>
            <subfield code="b">cbc</subfield>
            <subfield code="c">orignew</subfield>
            <subfield code="d">u</subfield>
            <subfield code="e">ncip</subfield>
            <subfield code="f">19</subfield>
            <subfield code="g">y-movingim</subfield>
          </datafield>
          <datafield tag="010" ind1=" " ind2=" ">
            <subfield code="a">   96501371 </subfield>
          </datafield>
          <datafield tag="017" ind1=" " ind2=" ">
            <subfield code="a">LP12218</subfield>
            <subfield code="b">U.S. Copyright Office</subfield>
          </datafield>
          <datafield tag="040" ind1=" " ind2=" ">
            <subfield code="a">DLC</subfield>
            <subfield code="c">DLC</subfield>
            <subfield code="d">DLC</subfield>
            <subfield code="e">amim</subfield>
          </datafield>
          <datafield tag="050" ind1="0" ind2="0">
            <subfield code="a">FPG 1363-1371 (cyan)</subfield>
          </datafield>
          <datafield tag="050" ind1="0" ind2="0">
            <subfield code="a">FPG 1372-1380 (magenta)</subfield>
          </datafield>
          <datafield tag="050" ind1="0" ind2="0">
            <subfield code="a">FPG 1381-1839 (yellow)</subfield>
          </datafield>
          <datafield tag="050" ind1="0" ind2="0">
            <subfield code="a">FPG 1390-1394 (dbl edge pos trk)</subfield>
          </datafield>
          <datafield tag="050" ind1="0" ind2="0">
            <subfield code="a">CQA 0667-0671 (arch pos)</subfield>
          </datafield>
          <datafield tag="245" ind1="0" ind2="0">
            <subfield code="a">Lassie come home /</subfield>
            <subfield code="c">Loew's Incorporated ; director, Fred M. Wilcox ; producer, Samuel Marx ; screenplay, Hugo Butler.</subfield>
          </datafield>
          <datafield tag="257" ind1=" " ind2=" ">
            <subfield code="a">U.S.</subfield>
          </datafield>
          <datafield tag="260" ind1=" " ind2=" ">
            <subfield code="a">United States :</subfield>
            <subfield code="b">Metro-Goldwyn-Mayer,</subfield>
            <subfield code="c">1943.</subfield>
          </datafield>
          <datafield tag="300" ind1=" " ind2=" ">
            <subfield code="a">9 reels of 9 (ca. 8100 ft.) :</subfield>
            <subfield code="b">si., cyan ;</subfield>
            <subfield code="c">35 mm. masterpos.</subfield>
          </datafield>
          <datafield tag="300" ind1=" " ind2=" ">
            <subfield code="a">9 reels of 9 (ca. 8100 ft.) :</subfield>
            <subfield code="b">si., magenta ;</subfield>
            <subfield code="c">35 mm. masterpos.</subfield>
          </datafield>
          <datafield tag="300" ind1=" " ind2=" ">
            <subfield code="a">9 reels of 9 (ca. 8100 ft.) :</subfield>
            <subfield code="b">si., yellow ;</subfield>
            <subfield code="c">35 mm. masterpos.</subfield>
          </datafield>
          <datafield tag="300" ind1=" " ind2=" ">
            <subfield code="a">9 reels of 9 on 5 (ca. 8100 ft.) :</subfield>
            <subfield code="b">sd. ;</subfield>
            <subfield code="c">35 mm. dbl edge pos trk.</subfield>
          </datafield>
          <datafield tag="300" ind1=" " ind2=" ">
            <subfield code="a">9 reels of 9 on 5 (ca. 9140 ft.) :</subfield>
            <subfield code="b">sd., col. &amp; b&amp;w ;</subfield>
            <subfield code="c">35 mm. arch pos.</subfield>
          </datafield>
          <datafield tag="500" ind1=" " ind2=" ">
            <subfield code="a">Copyright: Loew's Inc.; 11Aug43; LP12218.</subfield>
          </datafield>
          <datafield tag="508" ind1=" " ind2=" ">
            <subfield code="a">Music score, Daniele Amfitheatrof ; film editor, Ben Lewis  ; camera, Leonard Smith.</subfield>
          </datafield>
          <datafield tag="511" ind1="1" ind2=" ">
            <subfield code="a">Roddy McDowall, Donald Crisp, Dame May Whitty, Edmund Gwenn, Nigel Bruce, Elsa Lanchester, Elizabeth Taylor, Ben Webster, J. Patrick O'Malley, Alan Napier, Arthur Sheilds, John Rogers, Alec Craig, Lassie.</subfield>
          </datafield>
          <datafield tag="500" ind1=" " ind2=" ">
            <subfield code="a">Masterpositives and archival positive were received as a gift and deposit given by the donor in accordance with the National Film Preservation Act of 1988.</subfield>
            <subfield code="5">DLC</subfield>
          </datafield>
          <datafield tag="500" ind1=" " ind2=" ">
            <subfield code="a">Per M/B/RS Curatorial Section, the color separation masterpositives are complete in 27 reels.</subfield>
            <subfield code="5">DLC</subfield>
          </datafield>
          <datafield tag="500" ind1=" " ind2=" ">
            <subfield code="a">Reels 1 and 2 of the track has background noise (cycle static).  Replacement reels will be sent from Turner.</subfield>
            <subfield code="5">DLC</subfield>
          </datafield>
          <datafield tag="520" ind1=" " ind2=" ">
            <subfield code="a">A collie undertakes a thousand-mile journey in order to once again meet her former master at the school gate.</subfield>
          </datafield>
          <datafield tag="500" ind1=" " ind2=" ">
            <subfield code="a">Summary from Variety, 8/18/43.</subfield>
          </datafield>
          <datafield tag="500" ind1=" " ind2=" ">
            <subfield code="a">Based upon the novel by Eric Knight.</subfield>
          </datafield>
          <datafield tag="586" ind1=" " ind2=" ">
            <subfield code="a">This film was selected for the National Film Registry.</subfield>
          </datafield>
          <datafield tag="500" ind1=" " ind2=" ">
            <subfield code="a">Sources used:  Catalog of copyright entries, motion pictures, 1940-1949, p. 208; Animals on screen and radio, 1994, p. 165; OCLC database, 2/23/95; Variety, 8/18/43.</subfield>
          </datafield>
          <datafield tag="541" ind1=" " ind2=" ">
            <subfield code="d">Received: 12/23/94;</subfield>
            <subfield code="3">all masterpos, pos trk;</subfield>
            <subfield code="c">deposit;</subfield>
            <subfield code="a">Turner Entertainment Co. Collection.</subfield>
          </datafield>
          <datafield tag="541" ind1=" " ind2=" ">
            <subfield code="d">Received: 3/10/95;</subfield>
            <subfield code="3">arch pos;</subfield>
            <subfield code="c">gift;</subfield>
            <subfield code="a">Turner Entertainment Co. Collection.</subfield>
          </datafield>
          <datafield tag="600" ind1="0" ind2="0">
            <subfield code="a">Lassie</subfield>
            <subfield code="c">(Fictitious character)</subfield>
            <subfield code="v">Drama.</subfield>
          </datafield>
          <datafield tag="655" ind1=" " ind2="7">
            <subfield code="a">Features.</subfield>
            <subfield code="2">mim</subfield>
          </datafield>
          <datafield tag="700" ind1="1" ind2=" ">
            <subfield code="a">Wilcox, Fred M.,</subfield>
            <subfield code="e">direction.</subfield>
          </datafield>
          <datafield tag="700" ind1="1" ind2=" ">
            <subfield code="a">Butler, Hugo,</subfield>
            <subfield code="d">1914-1968,</subfield>
            <subfield code="e">writing.</subfield>
          </datafield>
          <datafield tag="700" ind1="1" ind2=" ">
            <subfield code="a">Smith, Leonard,</subfield>
            <subfield code="d">1894-1947,</subfield>
            <subfield code="e">camera.</subfield>
          </datafield>
          <datafield tag="700" ind1="1" ind2=" ">
            <subfield code="a">Lewis, Ben,</subfield>
            <subfield code="e">editing.</subfield>
          </datafield>
          <datafield tag="700" ind1="1" ind2=" ">
            <subfield code="a">McDowall, Roddy,</subfield>
            <subfield code="e">cast.</subfield>
          </datafield>
          <datafield tag="700" ind1="1" ind2=" ">
            <subfield code="a">Crisp, Donald,</subfield>
            <subfield code="d">1880-1974,</subfield>
            <subfield code="e">cast.</subfield>
          </datafield>
          <datafield tag="700" ind1="1" ind2=" ">
            <subfield code="a">Whitty, May,</subfield>
            <subfield code="c">Dame,</subfield>
            <subfield code="d">1865-1948,</subfield>
            <subfield code="e">cast.</subfield>
          </datafield>
          <datafield tag="700" ind1="1" ind2=" ">
            <subfield code="a">Gwenn, Edmund,</subfield>
            <subfield code="d">1875-1959,</subfield>
            <subfield code="e">cast.</subfield>
          </datafield>
          <datafield tag="700" ind1="1" ind2=" ">
            <subfield code="a">Bruce, Nigel,</subfield>
            <subfield code="d">1895-1953,</subfield>
            <subfield code="e">cast.</subfield>
          </datafield>
          <datafield tag="700" ind1="1" ind2=" ">
            <subfield code="a">Lanchester, Elsa,</subfield>
            <subfield code="d">1902-1986,</subfield>
            <subfield code="e">cast.</subfield>
          </datafield>
          <datafield tag="700" ind1="1" ind2=" ">
            <subfield code="a">Taylor, Elizabeth,</subfield>
            <subfield code="d">1932-2011,</subfield>
            <subfield code="e">cast.</subfield>
          </datafield>
          <datafield tag="700" ind1="1" ind2=" ">
            <subfield code="a">Webster, Benjamin,</subfield>
            <subfield code="d">1864-1947,</subfield>
            <subfield code="e">cast.</subfield>
          </datafield>
          <datafield tag="700" ind1="1" ind2=" ">
            <subfield code="a">O'Malley, J. Pat</subfield>
            <subfield code="q">(James Pat),</subfield>
            <subfield code="e">cast.</subfield>
          </datafield>
          <datafield tag="700" ind1="1" ind2=" ">
            <subfield code="a">Napier, Alan,</subfield>
            <subfield code="d">1903-1988,</subfield>
            <subfield code="e">cast.</subfield>
          </datafield>
          <datafield tag="700" ind1="1" ind2=" ">
            <subfield code="a">Shields, Arthur,</subfield>
            <subfield code="d">1896-1970,</subfield>
            <subfield code="e">cast.</subfield>
          </datafield>
          <datafield tag="700" ind1="1" ind2=" ">
            <subfield code="a">Craig, Alec,</subfield>
            <subfield code="d">1885-1945,</subfield>
            <subfield code="e">cast.</subfield>
          </datafield>
          <datafield tag="700" ind1="1" ind2=" ">
            <subfield code="a">Knight, Eric,</subfield>
            <subfield code="d">1897-1943.</subfield>
            <subfield code="t">Lassie come home.</subfield>
          </datafield>
          <datafield tag="710" ind1="2" ind2=" ">
            <subfield code="a">Loew's Incorporated.</subfield>
          </datafield>
          <datafield tag="710" ind1="2" ind2=" ">
            <subfield code="a">Metro-Goldwyn-Mayer.</subfield>
          </datafield>
          <datafield tag="710" ind1="2" ind2=" ">
            <subfield code="a">Turner Entertainment Co. Collection (Library of Congress)</subfield>
            <subfield code="5">DLC</subfield>
          </datafield>
          <datafield tag="786" ind1="1" ind2="8">
            <subfield code="t">Lassie come home</subfield>
            <subfield code="w">(DLC) 13686</subfield>
            <subfield code="n">MAVIS</subfield>
          </datafield>
          <datafield tag="952" ind1=" " ind2=" ">
            <subfield code="a">35mm cyan separation renumbered: CPA 0669-0677 to FPG 1363-1371.</subfield>
          </datafield>
          <datafield tag="952" ind1=" " ind2=" ">
            <subfield code="a">35mm magenta separation renumbered: CPA 0678-0686 to FPG 1372-1380.</subfield>
          </datafield>
          <datafield tag="952" ind1=" " ind2=" ">
            <subfield code="a">35mm yellow separation renumbered: CPA 0687-0695 to FPG 1381-1389.</subfield>
          </datafield>
          <datafield tag="952" ind1=" " ind2=" ">
            <subfield code="a">35mm dbl edge pos trk renumbered: CPA 0696-0700 to FPG 1390-1394.</subfield>
          </datafield>
          <datafield tag="953" ind1=" " ind2=" ">
            <subfield code="a">TE01</subfield>
          </datafield>
          <datafield tag="991" ind1=" " ind2=" ">
            <subfield code="b">c-MP&amp;TV</subfield>
            <subfield code="h">CPA 0669-0677 (cyan)</subfield>
            <subfield code="w">MUMS VM File</subfield>
          </datafield>
          <datafield tag="991" ind1=" " ind2=" ">
            <subfield code="b">c-MP&amp;TV</subfield>
            <subfield code="h">CPA 0678-0686 (magenta)</subfield>
            <subfield code="w">MUMS VM File</subfield>
          </datafield>
          <datafield tag="991" ind1=" " ind2=" ">
            <subfield code="b">c-MP&amp;TV</subfield>
            <subfield code="h">CPA 0687-0695 (yellow)</subfield>
            <subfield code="w">MUMS VM File</subfield>
          </datafield>
          <datafield tag="991" ind1=" " ind2=" ">
            <subfield code="b">c-MP&amp;TV</subfield>
            <subfield code="h">CPA 0696-0700 (dbl edge pos trk)</subfield>
            <subfield code="w">MUMS VM File</subfield>
          </datafield>
          <datafield tag="991" ind1=" " ind2=" ">
            <subfield code="b">c-MP&amp;TV</subfield>
            <subfield code="h">CQA 0667-0671 (arch pos)</subfield>
            <subfield code="w">MUMS VM File</subfield>
          </datafield>
        </record>
      </zs:recordData>
      <zs:recordPosition>25</zs:recordPosition>
    </zs:record>