
    <zs:record>
      <zs:recordSchema/>
      <zs:recordPacking>xml</zs:recordPacking>
      <zs:recordData>
        <record xmlns="http://www.loc.gov/MARC21/slim">
          <leader>04361cgm a22008657i 4500</leader>
          <controlfield tag="001">22678484</controlfield>
          <controlfield tag="005">20220705102548.0</controlfield>
          <controlfield tag="007">vd cvaizu</controlfield>
          <controlfield tag="008">220705t20062006xxu108 g          mleng  </controlfield>
          <datafield tag="906" ind1=" " ind2=" ">
            <subfield code="a">7</subfield>
            <subfield code="b">cbc</subfield>
            <subfield code="c">origres</subfield>
            <subfield code="d">u</subfield>
            <subfield code="e">ncip</subfield>
            <subfield code="f">20</subfield>
            <subfield code="g">y-movingim</subfield>
          </datafield>
          <datafield tag="955" ind1=" " ind2=" ">
            <subfield code="a">qm28 2022-07-05 z-client</subfield>
            <subfield code="i">qm28 2022-07-05</subfield>
          </datafield>
          <datafield tag="010" ind1=" " ind2=" ">
            <subfield code="a">  2022604487</subfield>
          </datafield>
          <datafield tag="024" ind1="1" ind2=" ">
            <subfield code="a">798622343826</subfield>
          </datafield>
          <datafield tag="028" ind1="4" ind2="2">
            <subfield code="a">WLV3438</subfield>
            <subfield code="b">Westlake Entertainment</subfield>
          </datafield>
          <datafield tag="035" ind1=" " ind2=" ">
            <subfield code="a">(OCoLC)75970037</subfield>
            <subfield code="z">(OCoLC)590240971</subfield>
            <subfield code="z">(OCoLC)965577507</subfield>
            <subfield code="z">(OCoLC)971922754</subfield>
            <subfield code="z">(OCoLC)990582396</subfield>
            <subfield code="z">(OCoLC)1126063254</subfield>
            <subfield code="z">(OCoLC)1145754825</subfield>
            <subfield code="z">(OCoLC)1233073579</subfield>
            <subfield code="z">(OCoLC)1250364421</subfield>
            <subfield code="z">(OCoLC)1262056277</subfield>
            <subfield code="z">(OCoLC)1272841994</subfield>
            <subfield code="z">(OCoLC)1290405324</subfield>
            <subfield code="z">(OCoLC)1295224813</subfield>
            <subfield code="z">(OCoLC)1298705261</subfield>
            <subfield code="z">(OCoLC)1299242102</subfield>
            <subfield code="z">(OCoLC)1304505798</subfield>
          </datafield>
          <datafield tag="037" ind1=" " ind2=" ">
            <subfield code="b">Midwest Tape</subfield>
            <subfield code="n">http://www.midwesttapes.com</subfield>
          </datafield>
          <datafield tag="040" ind1=" " ind2=" ">
            <subfield code="a">DLC</subfield>
            <subfield code="b">eng</subfield>
            <subfield code="e">rda</subfield>
            <subfield code="c">DLC</subfield>
          </datafield>
          <datafield tag="043" ind1=" " ind2=" ">
            <subfield code="a">e-uk-st</subfield>
            <subfield code="a">e-uk-en</subfield>
          </datafield>
          <datafield tag="046" ind1=" " ind2=" ">
            <subfield code="k">2005</subfield>
            <subfield code="2">edtf</subfield>
          </datafield>
          <datafield tag="050" ind1="0" ind2="0">
            <subfield code="a">DVE 6518 (viewing copy)</subfield>
          </datafield>
          <datafield tag="245" ind1="0" ind2="0">
            <subfield code="a">Mrs. Palfrey at the Claremont /</subfield>
            <subfield code="c">Cineville presents a Picture Entertainment production ; in a film by Dan Ireland ; produced by Lee Caplin, Zachary Matz, Carl Colpaert ; screenplay by Ruth Sacks ; directed by Dan Ireland.</subfield>
          </datafield>
          <datafield tag="257" ind1=" " ind2=" ">
            <subfield code="a">United States</subfield>
            <subfield code="2">naf</subfield>
          </datafield>
          <datafield tag="264" ind1=" " ind2="1">
            <subfield code="a">[United States] :</subfield>
            <subfield code="b">Westlake Entertainment,</subfield>
            <subfield code="c">[2006]</subfield>
          </datafield>
          <datafield tag="264" ind1=" " ind2="4">
            <subfield code="c">©2006</subfield>
          </datafield>
          <datafield tag="300" ind1=" " ind2=" ">
            <subfield code="3">viewing copy</subfield>
            <subfield code="a">1 videodisc (108 min.) :</subfield>
            <subfield code="b">sound, color ;</subfield>
            <subfield code="c">4 3/4 in.</subfield>
          </datafield>
          <datafield tag="336" ind1=" " ind2=" ">
            <subfield code="a">two-dimensional moving image</subfield>
            <subfield code="b">tdi</subfield>
            <subfield code="2">rdacontent</subfield>
          </datafield>
          <datafield tag="337" ind1=" " ind2=" ">
            <subfield code="a">video</subfield>
            <subfield code="b">v</subfield>
            <subfield code="2">rdamedia</subfield>
          </datafield>
          <datafield tag="338" ind1=" " ind2=" ">
            <subfield code="a">videodisc</subfield>
            <subfield code="b">vd</subfield>
            <subfield code="2">rdacarrier</subfield>
          </datafield>
          <datafield tag="340" ind1=" " ind2=" ">
            <subfield code="b">4 3/4 in.</subfield>
            <subfield code="2">rda</subfield>
          </datafield>
          <datafield tag="344" ind1=" " ind2=" ">
            <subfield code="a">digital</subfield>
            <subfield code="b">optical</subfield>
            <subfield code="h">Dolby Digital</subfield>
            <subfield code="2">rda</subfield>
          </datafield>
          <datafield tag="346" ind1=" " ind2=" ">
            <subfield code="b">NTSC</subfield>
            <subfield code="2">rda</subfield>
          </datafield>
          <datafield tag="347" ind1=" " ind2=" ">
            <subfield code="a">video file</subfield>
            <subfield code="e">all regions</subfield>
            <subfield code="2">rda</subfield>
          </datafield>
          <datafield tag="347" ind1=" " ind2=" ">
            <subfield code="b">DVD video</subfield>
          </datafield>
          <datafield tag="380" ind1=" " ind2=" ">
            <subfield code="a">Motion pictures</subfield>
            <subfield code="2">lcgft</subfield>
          </datafield>
          <datafield tag="500" ind1=" " ind2=" ">
            <subfield code="a">Wide screen (16:9, enhanced) presentation.</subfield>
          </datafield>
          <datafield tag="500" ind1=" " ind2=" ">
            <subfield code="a">Based on the novel by Elizabeth Taylor.</subfield>
          </datafield>
          <datafield tag="500" ind1=" " ind2=" ">
            <subfield code="a">Originally released as a motion picture in 2005.</subfield>
          </datafield>
          <datafield tag="500" ind1=" " ind2=" ">
            <subfield code="a">Title from container.</subfield>
          </datafield>
          <datafield tag="511" ind1="1" ind2=" ">
            <subfield code="a">Joan Plowright, Rupert Friend, Zoe Tapper, Anna Massey, Robert Lang, Marcia Warren, Georgina Hale, Millicent Martin, Anna Cartaret, Clare Higgins.</subfield>
          </datafield>
          <datafield tag="508" ind1=" " ind2=" ">
            <subfield code="a">Director of photography, Claudio Rocha ; editors, Nigel Galt, Virginia Katz ; music, Stephen Barton ; score, Harry Gregson-Williams.</subfield>
          </datafield>
          <datafield tag="520" ind1=" " ind2=" ">
            <subfield code="a">Mrs. Palfrey, an elegant, genteel widow, came from Scotland to London to take up residence at the Claremont Hotel. Though she had high hopes for the cosmopolitan pleasures of living in a big city, she is soon filled with a sense of uneasiness and gloom.</subfield>
          </datafield>
          <datafield tag="500" ind1=" " ind2=" ">
            <subfield code="a">Special features: Director's commentary; photo gallery; Joan Plowright "Best Actress" acceptance speech at AARP Awards; original theatrical trailer.</subfield>
          </datafield>
          <datafield tag="500" ind1=" " ind2=" ">
            <subfield code="a">Sources used: videodisc container; Internet movie database WWW site, July 5, 2022.</subfield>
          </datafield>
          <datafield tag="650" ind1=" " ind2="0">
            <subfield code="a">Widows</subfield>
            <subfield code="z">Scotland</subfield>
            <subfield code="v">Drama.</subfield>
          </datafield>
          <datafield tag="650" ind1=" " ind2="0">
            <subfield code="a">Retirement communities</subfield>
            <subfield code="z">England</subfield>
            <subfield code="z">London</subfield>
            <subfield code="v">Drama.</subfield>
          </datafield>
          <datafield tag="650" ind1=" " ind2="0">
            <subfield code="a">Grandparent and child</subfield>
            <subfield code="v">Drama.</subfield>
          </datafield>
          <datafield tag="651" ind1=" " ind2="0">
            <subfield code="a">London (England)</subfield>
            <subfield code="v">Drama.</subfield>
          </datafield>
          <datafield tag="650" ind1=" " ind2="7">
            <subfield code="a">Grandparent and child.</subfield>
            <subfield code="2">fast</subfield>
            <subfield code="0">(OCoLC)fst00946360</subfield>
          </datafield>
          <datafield tag="650" ind1=" " ind2="7">
            <subfield code="a">Retirement communities.</subfield>
            <subfield code="2">fast</subfield>
            <subfield code="0">(OCoLC)fst01096330</subfield>
          </datafield>
          <datafield tag="650" ind1=" " ind2="7">
            <subfield code="a">Widows.</subfield>
            <subfield code="2">fast</subfield>
            <subfield code="0">(OCoLC)fst01174951</subfield>
          </datafield>
          <datafield tag="651" ind1=" " ind2="7">
            <subfield code="a">England</subfield>
            <subfield code="z">London.</subfield>
            <subfield code="2">fast</subfield>
            <subfield code="0">(OCoLC)fst01204271</subfield>
          </datafield>
          <datafield tag="651" ind1=" " ind2="7">
            <subfield code="a">Scotland.</subfield>
            <subfield code="2">fast</subfield>
            <subfield code="0">(OCoLC)fst01206715</subfield>
          </datafield>
          <datafield tag="655" ind1=" " ind2="7">
            <subfield code="a">Comedy films.</subfield>
            <subfield code="2">fast</subfield>
            <subfield code="0">(OCoLC)fst01710291</subfield>
          </datafield>
          <datafield tag="655" ind1=" " ind2="7">
            <subfield code="a">Drama.</subfield>
            <subfield code="2">fast</subfield>
            <subfield code="0">(OCoLC)fst01423879</subfield>
          </datafield>
          <datafield tag="655" ind1=" " ind2="7">
            <subfield code="a">Feature films.</subfield>
            <subfield code="2">fast</subfield>
            <subfield code="0">(OCoLC)fst01710384</subfield>
          </datafield>
          <datafield tag="655" ind1=" " ind2="7">
            <subfield code="a">Comedy films.</subfield>
            <subfield code="2">lcgft</subfield>
          </datafield>
          <datafield tag="655" ind1=" " ind2="7">
            <subfield code="a">Feature films.</subfield>
            <subfield code="2">lcgft</subfield>
          </datafield>
          <datafield tag="655" ind1=" " ind2="7">
            <subfield code="a">Fiction films.</subfield>
            <subfield code="2">lcgft</subfield>
          </datafield>
          <datafield tag="700" ind1="1" ind2=" ">
            <subfield code="a">Matz, Zachary,</subfield>
            <subfield code="e">film producer.</subfield>
          </datafield>
          <datafield tag="700" ind1="1" ind2=" ">
            <subfield code="a">Colpaert, Carl,</subfield>
            <subfield code="e">film producer.</subfield>
          </datafield>
          <datafield tag="700" ind1="1" ind2=" ">
            <subfield code="a">Ireland, Dan,</subfield>
            <subfield code="e">film director.</subfield>
          </datafield>
          <datafield tag="700" ind1="1" ind2=" ">
            <subfield code="a">Plowright, Joan,</subfield>
            <subfield code="e">actor.</subfield>
          </datafield>
          <datafield tag="700" ind1="1" ind2=" ">
            <subfield code="a">Friend, Rupert,</subfield>
            <subfield code="e">actor.</subfield>
          </datafield>
          <datafield tag="700" ind1="1" ind2=" ">
            <subfield code="a">Massey, Anna,</subfield>
            <subfield code="e">actor.</subfield>
          </datafield>
          <datafield tag="700" ind1="1" ind2=" ">
            <subfield code="a">Lang, Robert,</subfield>
            <subfield code="d">1934-2004,</subfield>
            <subfield code="e">actor.</subfield>
          </datafield>
          <datafield tag="700" ind1="1" ind2=" ">
            <subfield code="a">Warren, Marcia,</subfield>
            <subfield code="e">actor.</subfield>
          </datafield>
          <datafield tag="700" ind1="1" ind2=" ">
            <subfield code="a">Hale, Georgina,</subfield>
            <subfield code="e">actor.</subfield>
          </datafield>
          <datafield tag="700" ind1="1" ind2=" ">
            <subfield code="a">Martin, Millicent,</subfield>
            <subfield code="e">actor.</subfield>
          </datafield>
          <datafield tag="700" ind1="1" ind2=" ">
            <subfield code="a">Higgins, Clare,</subfield>
            <subfield code="d">1955-</subfield>
            <subfield code="e">actor.</subfield>
          </datafield>
          <datafield tag="700" ind1="1" ind2=" ">
            <subfield code="a">Gregson-Williams, Harry,</subfield>
            <subfield code="e">composer.</subfield>
          </datafield>
          <datafield tag="700" ind1="1" ind2=" ">
            <subfield code="a">Taylor, Elizabeth,</subfield>
            <subfield code="d">1912-1975.</subfield>
            <subfield code="t">Mrs. Palfrey at the Claremont.</subfield>
          </datafield>
          <datafield tag="710" ind1="2" ind2=" ">
            <subfield code="a">Cineville (Firm),</subfield>
            <subfield code="e">presenter.</subfield>
          </datafield>
          <datafield tag="710" ind1="2" ind2=" ">
            <subfield code="a">Picture Entertainment Corporation,</subfield>
            <subfield code="e">production company.</subfield>
          </datafield>
          <datafield tag="710" ind1="2" ind2=" ">
            <subfield code="a">Westlake Entertainment Group (Firm),</subfield>
            <subfield code="e">publisher.</subfield>
          </datafield>
          <datafield tag="773" ind1="0" ind2=" ">
            <subfield code="a">Roger Blunck Collection (Library of Congress)</subfield>
          </datafield>
        </record>
      </zs:recordData>
      <zs:recordPosition>31</zs:recordPosition>
    </zs:record>