
    <zs:record>
      <zs:recordSchema/>
      <zs:recordPacking>xml</zs:recordPacking>
      <zs:recordData>
        <record xmlns="http://www.loc.gov/MARC21/slim">
          <leader>04795cgm a22008177a 4500</leader>
          <controlfield tag="001">11599362</controlfield>
          <controlfield tag="005">20130624094016.0</controlfield>
          <controlfield tag="007">vf ||||||</controlfield>
          <controlfield tag="007">mr ||||||||||||||200106</controlfield>
          <controlfield tag="008">920413r19821951xxu123            mleng  </controlfield>
          <datafield tag="035" ind1=" " ind2=" ">
            <subfield code="9">(DLC)   92508115</subfield>
          </datafield>
          <datafield tag="906" ind1=" " ind2=" ">
            <subfield code="a">7</subfield>
            <subfield code="b">cbc</subfield>
            <subfield code="c">orignew</subfield>
            <subfield code="d">u</subfield>
            <subfield code="e">ncip</subfield>
            <subfield code="f">19</subfield>
            <subfield code="g">y-movingim</subfield>
          </datafield>
          <datafield tag="010" ind1=" " ind2=" ">
            <subfield code="a">   92508115 </subfield>
          </datafield>
          <datafield tag="017" ind1=" " ind2=" ">
            <subfield code="a">LP1149</subfield>
            <subfield code="b">U.S. Copyright Office</subfield>
          </datafield>
          <datafield tag="040" ind1=" " ind2=" ">
            <subfield code="a">DLC</subfield>
            <subfield code="c">DLC</subfield>
            <subfield code="d">DLC</subfield>
            <subfield code="e">amim</subfield>
            <subfield code="d">DLC</subfield>
          </datafield>
          <datafield tag="050" ind1="0" ind2="0">
            <subfield code="a">VBI 2650-2651 (viewing copy)</subfield>
          </datafield>
          <datafield tag="050" ind1="0" ind2="0">
            <subfield code="a">DAA 1279 (viewing copy)</subfield>
          </datafield>
          <datafield tag="050" ind1="0" ind2="0">
            <subfield code="a">FGE 9912-9918 (viewing print)</subfield>
          </datafield>
          <datafield tag="050" ind1="0" ind2="0">
            <subfield code="a">FQB 1373-1379 (theatrical projection print)</subfield>
          </datafield>
          <datafield tag="050" ind1="0" ind2="0">
            <subfield code="a">VTA 7208-7209 (master)</subfield>
          </datafield>
          <datafield tag="130" ind1="0" ind2=" ">
            <subfield code="a">Place in the sun (Motion picture : 1951)</subfield>
          </datafield>
          <datafield tag="245" ind1="1" ind2="2">
            <subfield code="a">A place in the sun /</subfield>
            <subfield code="c">Paramount Pictures ; directed and produced by George Stevens ; screenplay by Michael Wilson and Harry Brown.</subfield>
          </datafield>
          <datafield tag="257" ind1=" " ind2=" ">
            <subfield code="a">United States.</subfield>
          </datafield>
          <datafield tag="260" ind1=" " ind2=" ">
            <subfield code="a">United States :</subfield>
            <subfield code="b">Paramount Pictures Corp.,</subfield>
            <subfield code="c">1951 ;</subfield>
            <subfield code="a">United States :</subfield>
            <subfield code="b">[Paramount Pictures Corporation,</subfield>
            <subfield code="c">1982]</subfield>
          </datafield>
          <datafield tag="300" ind1=" " ind2=" ">
            <subfield code="a">2 videocassettes of 2 (ca. 123 min.) :</subfield>
            <subfield code="b">sd., b&amp;w ;</subfield>
            <subfield code="c">3/4 in.</subfield>
            <subfield code="3">viewing copy.</subfield>
          </datafield>
          <datafield tag="300" ind1=" " ind2=" ">
            <subfield code="a">2 videodiscs of 2 (optical) (ca. 123 min.) :</subfield>
            <subfield code="b">sd., b&amp;w ;</subfield>
            <subfield code="c">12 in.</subfield>
            <subfield code="3">viewing copy.</subfield>
          </datafield>
          <datafield tag="300" ind1=" " ind2=" ">
            <subfield code="a">13 film reels of 13 on 7 (ca. 122 min., ca. 10,980 ft.) :</subfield>
            <subfield code="b">sd., b&amp;w ;</subfield>
            <subfield code="c">35 mm.</subfield>
            <subfield code="3">viewing print.</subfield>
          </datafield>
          <datafield tag="300" ind1=" " ind2=" ">
            <subfield code="a">13 film reels of 13 on 7 (ca. 122 min., ca. 10,980 ft.) :</subfield>
            <subfield code="b">opt sd., stereo., b&amp;w ;</subfield>
            <subfield code="c">35 mm.</subfield>
            <subfield code="3">theatrical projection print.</subfield>
          </datafield>
          <datafield tag="300" ind1=" " ind2=" ">
            <subfield code="a">2 videoreels of 2 (ca. 123 min.) :</subfield>
            <subfield code="b">sd., b&amp;w ;</subfield>
            <subfield code="c">1 in.</subfield>
            <subfield code="3">master.</subfield>
          </datafield>
          <datafield tag="500" ind1=" " ind2=" ">
            <subfield code="a">Copyright: Paramount Pictures Corp.; 2Sep51; LP1149.</subfield>
          </datafield>
          <datafield tag="500" ind1=" " ind2=" ">
            <subfield code="a">Copyright notice on videodisc jacket: Paramount Pictures Corporation ; 1982.</subfield>
          </datafield>
          <datafield tag="508" ind1=" " ind2=" ">
            <subfield code="a">Music score, Franz Waxman ; editor, William Hornbeck ; cinematography, William C. Mellor.</subfield>
          </datafield>
          <datafield tag="511" ind1="1" ind2=" ">
            <subfield code="a">Montgomery Clift, Elizabeth Taylor, Shelley Winters, Keefe Braselle.</subfield>
          </datafield>
          <datafield tag="500" ind1=" " ind2=" ">
            <subfield code="a">Two discs in one jacket.</subfield>
          </datafield>
          <datafield tag="500" ind1=" " ind2=" ">
            <subfield code="a">This film (theatrical projection print) was selected for the National Film Registry.</subfield>
            <subfield code="5">DLC</subfield>
          </datafield>
          <datafield tag="500" ind1=" " ind2=" ">
            <subfield code="a">Viewing print recanned 7/97 from 1000 foot to 2000 foot cans; formerly numbered FGA 8695-8707.</subfield>
            <subfield code="5">DLC</subfield>
          </datafield>
          <datafield tag="520" ind1=" " ind2=" ">
            <subfield code="a">George and Alice are poor and lonely people who find comfort in each other. While Alice progresses to real love for George, he finds love elsewhere within the wealthy social set to which he aspires. When the pregnant Alice appears at the mountain lake resort where George and the socialite Angela, his fiancee, are on vacation, his confused emotions lead him to take Alice into a boat with the intention of drowning her. He can't go through with it, but a misstep ends in Alice's drowning anyway. George is arrested, convicted of premeditated murder, and condemned to the electric chair.</subfield>
          </datafield>
          <datafield tag="500" ind1=" " ind2=" ">
            <subfield code="a">Part of summary taken from Variety, 7/18/1951.</subfield>
          </datafield>
          <datafield tag="500" ind1=" " ind2=" ">
            <subfield code="a">Based on the novel An American tragedy by Theodore Dreiser and the Patrick Kearney play adapted from the novel.</subfield>
          </datafield>
          <datafield tag="500" ind1=" " ind2=" ">
            <subfield code="a">Not viewed.</subfield>
          </datafield>
          <datafield tag="500" ind1=" " ind2=" ">
            <subfield code="a">Sources used: videodisc jacket; shelflist card.</subfield>
          </datafield>
          <datafield tag="541" ind1=" " ind2=" ">
            <subfield code="d">Received: 12/10/1991 from LC video lab;</subfield>
            <subfield code="3">3/4 in. viewing copy and master;</subfield>
            <subfield code="c">preservation, paperwork in ACQ: Copyright [Material Movement Form] file;</subfield>
            <subfield code="a">Copyright Collection.</subfield>
          </datafield>
          <datafield tag="541" ind1=" " ind2=" ">
            <subfield code="d">Received: ca. 1984;</subfield>
            <subfield code="3">12 in. viewing copy;</subfield>
            <subfield code="c">purchase;</subfield>
            <subfield code="a">LC Purchase Collection.</subfield>
          </datafield>
          <datafield tag="541" ind1=" " ind2=" ">
            <subfield code="d">Received: ca. 1951;</subfield>
            <subfield code="3">viewing print;</subfield>
            <subfield code="c">copyright deposit;</subfield>
            <subfield code="a">Copyright Collection.</subfield>
          </datafield>
          <datafield tag="541" ind1=" " ind2=" ">
            <subfield code="d">Received: 11/11/1999;</subfield>
            <subfield code="3">theatrical projection print;</subfield>
            <subfield code="c">gift;</subfield>
            <subfield code="a">Paramount Collection.</subfield>
          </datafield>
          <datafield tag="650" ind1=" " ind2="0">
            <subfield code="a">Social stratification</subfield>
            <subfield code="z">United States</subfield>
            <subfield code="v">Drama.</subfield>
          </datafield>
          <datafield tag="650" ind1=" " ind2="0">
            <subfield code="a">Murder</subfield>
            <subfield code="v">Drama.</subfield>
          </datafield>
          <datafield tag="650" ind1=" " ind2="0">
            <subfield code="a">Interpersonal relations</subfield>
            <subfield code="v">Drama.</subfield>
          </datafield>
          <datafield tag="655" ind1=" " ind2="7">
            <subfield code="a">Videodiscs.</subfield>
            <subfield code="2">gmgpc</subfield>
          </datafield>
          <datafield tag="655" ind1=" " ind2="7">
            <subfield code="a">Fiction films.</subfield>
            <subfield code="2">lcgft</subfield>
          </datafield>
          <datafield tag="655" ind1=" " ind2="7">
            <subfield code="a">Social problem films.</subfield>
            <subfield code="2">lcgft</subfield>
          </datafield>
          <datafield tag="655" ind1=" " ind2="7">
            <subfield code="a">Film adaptations.</subfield>
            <subfield code="2">lcgft</subfield>
          </datafield>
          <datafield tag="655" ind1=" " ind2="7">
            <subfield code="a">Romance films.</subfield>
            <subfield code="2">lcgft</subfield>
          </datafield>
          <datafield tag="700" ind1="1" ind2=" ">
            <subfield code="a">Stevens, George,</subfield>
            <subfield code="d">1904-1975,</subfield>
            <subfield code="e">direction,</subfield>
            <subfield code="e">production.</subfield>
          </datafield>
          <datafield tag="700" ind1="1" ind2=" ">
            <subfield code="a">Wilson, Michael,</subfield>
            <subfield code="d">1914-1978,</subfield>
            <subfield code="e">writing.</subfield>
          </datafield>
          <datafield tag="700" ind1="1" ind2=" ">
            <subfield code="a">Brown, Harry,</subfield>
            <subfield code="d">1917-1986,</subfield>
            <subfield code="e">writing.</subfield>
          </datafield>
          <datafield tag="700" ind1="1" ind2=" ">
            <subfield code="a">Waxman, Franz,</subfield>
            <subfield code="d">1906-1967,</subfield>
            <subfield code="e">music.</subfield>
          </datafield>
          <datafield tag="700" ind1="1" ind2=" ">
            <subfield code="a">Clift, Montgomery,</subfield>
            <subfield code="e">cast.</subfield>
          </datafield>
          <datafield tag="700" ind1="1" ind2=" ">
            <subfield code="a">Taylor, Elizabeth,</subfield>
            <subfield code="d">1932-2011,</subfield>
            <subfield code="e">cast.</subfield>
          </datafield>
          <datafield tag="700" ind1="1" ind2=" ">
            <subfield code="a">Winters, Shelley,</subfield>
            <subfield code="e">cast.</subfield>
          </datafield>
          <datafield tag="700" ind1="1" ind2=" ">
            <subfield code="a">Dreiser, Theodore,</subfield>
            <subfield code="d">1871-1945.</subfield>
            <subfield code="t">American tragedy.</subfield>
          </datafield>
          <datafield tag="710" ind1="2" ind2=" ">
            <subfield code="a">Paramount Pictures Corporation.</subfield>
          </datafield>
          <datafield tag="710" ind1="2" ind2=" ">
            <subfield code="a">Copyright Collection (Library of Congress)</subfield>
            <subfield code="5">DLC</subfield>
          </datafield>
          <datafield tag="710" ind1="2" ind2=" ">
            <subfield code="a">LC Purchase Collection (Library of Congress)</subfield>
            <subfield code="5">DLC</subfield>
          </datafield>
          <datafield tag="710" ind1="2" ind2=" ">
            <subfield code="a">Paramount Collection (Library of Congress)</subfield>
            <subfield code="5">DLC</subfield>
          </datafield>
          <datafield tag="952" ind1=" " ind2=" ">
            <subfield code="a">Updated by qu10.</subfield>
          </datafield>
          <datafield tag="953" ind1=" " ind2=" ">
            <subfield code="a">TE01</subfield>
          </datafield>
          <datafield tag="991" ind1=" " ind2=" ">
            <subfield code="b">c-MP&amp;TV</subfield>
            <subfield code="h">VBI 2650-2651 (viewing copy)</subfield>
            <subfield code="w">MUMS VM File</subfield>
          </datafield>
          <datafield tag="991" ind1=" " ind2=" ">
            <subfield code="b">c-MP&amp;TV</subfield>
            <subfield code="h">FGA 8695-8707 (ref print)</subfield>
            <subfield code="w">MUMS VM File</subfield>
          </datafield>
          <datafield tag="991" ind1=" " ind2=" ">
            <subfield code="b">c-MP&amp;TV</subfield>
            <subfield code="h">VTA 7208-7209 (master)</subfield>
            <subfield code="w">MUMS VM File</subfield>
          </datafield>
          <datafield tag="991" ind1=" " ind2=" ">
            <subfield code="b">c-MP&amp;TV</subfield>
            <subfield code="h">DAA 1279 (viewing copy)</subfield>
            <subfield code="w">MUMS VM File</subfield>
          </datafield>
        </record>
      </zs:recordData>
      <zs:recordPosition>34</zs:recordPosition>
    </zs:record>