
    <zs:record>
      <zs:recordSchema/>
      <zs:recordPacking>xml</zs:recordPacking>
      <zs:recordData>
        <record xmlns="http://www.loc.gov/MARC21/slim">
          <leader>03606cgm a22006497a 4500</leader>
          <controlfield tag="001">11679690</controlfield>
          <controlfield tag="005">20180718160100.0</controlfield>
          <controlfield tag="007">mrucaaafu</controlfield>
          <controlfield tag="008">960809s1957    xxu183            mleng  </controlfield>
          <datafield tag="906" ind1=" " ind2=" ">
            <subfield code="a">7</subfield>
            <subfield code="b">cbc</subfield>
            <subfield code="c">orignew</subfield>
            <subfield code="d">u</subfield>
            <subfield code="e">ncip</subfield>
            <subfield code="f">19</subfield>
            <subfield code="g">y-movingim</subfield>
          </datafield>
          <datafield tag="955" ind1=" " ind2=" ">
            <subfield code="b">hh16 2018-07-18 on order for MBRS</subfield>
            <subfield code="b">hh16 2018-07-18 Already received in MBRS</subfield>
          </datafield>
          <datafield tag="035" ind1=" " ind2=" ">
            <subfield code="9">(DLC)   96515588</subfield>
          </datafield>
          <datafield tag="010" ind1=" " ind2=" ">
            <subfield code="a">   96515588 </subfield>
          </datafield>
          <datafield tag="017" ind1=" " ind2=" ">
            <subfield code="a">LP9771</subfield>
            <subfield code="b">U.S. Copyright Office</subfield>
          </datafield>
          <datafield tag="040" ind1=" " ind2=" ">
            <subfield code="a">DLC</subfield>
            <subfield code="c">DLC</subfield>
            <subfield code="d">DLC</subfield>
            <subfield code="e">amim</subfield>
          </datafield>
          <datafield tag="050" ind1="0" ind2="0">
            <subfield code="a">FGA 9104-9124 (ref print)</subfield>
          </datafield>
          <datafield tag="245" ind1="0" ind2="0">
            <subfield code="a">Raintree County /</subfield>
            <subfield code="c">Metro-Goldwyn-Mayer ; director, Edward Dmytryk ; producer, David Lewis ; screenplay, Millard Kaufman.</subfield>
          </datafield>
          <datafield tag="257" ind1=" " ind2=" ">
            <subfield code="a">U.S.</subfield>
          </datafield>
          <datafield tag="260" ind1=" " ind2=" ">
            <subfield code="a">United States :</subfield>
            <subfield code="b">Loew's Incorporated,</subfield>
            <subfield code="c">1957.</subfield>
          </datafield>
          <datafield tag="300" ind1=" " ind2=" ">
            <subfield code="3">ref print.</subfield>
            <subfield code="a">21 reels of 21 (ca. 16470 ft.) :</subfield>
            <subfield code="b">sd., col. ;</subfield>
            <subfield code="c">35 mm.</subfield>
          </datafield>
          <datafield tag="500" ind1=" " ind2=" ">
            <subfield code="a">Copyright: Loew's, Inc.; 31Dec57; LP9771.</subfield>
          </datafield>
          <datafield tag="508" ind1=" " ind2=" ">
            <subfield code="a">Photography, Robert Surtees (Panavision, Technicolor) ; music, Johnny Green ; film editor, John Dunning.</subfield>
          </datafield>
          <datafield tag="511" ind1="1" ind2=" ">
            <subfield code="a">Montgomery Clift (John Wickliff Shawnessy), Elizabeth Taylor (Susanna Drake), Eva Marie Saint (Nell Gaither), Nigel Patrick (Prof. Jerusalem Webster Stiles), Lee Marvin (Orville "Flash" Perkins), Rod Taylor (Garwood B. Jones), Agnes Moorehead (Ellen Shawnessy), Walter Abel (T.D. Shawnessy), Jarma Lewis (Barbara Drake), Tom Drake (Bobby Drake), Rhys Williams (Ezra Gray), DeForest Kelley (Southern Officer).</subfield>
          </datafield>
          <datafield tag="520" ind1=" " ind2=" ">
            <subfield code="a">A beautiful young woman, who believes that she is the daughter of an adulterous affair between her father and a mulatto slave, is married to an idealistic young man in this drama set in the Civil War era South. With the war as background, the two young people must solve their problems and find a true meaning and purpose in their lives. Includes overture and original theatrical trailer.</subfield>
          </datafield>
          <datafield tag="500" ind1=" " ind2=" ">
            <subfield code="a">Summary from OCLC (Worldcat database, #31003691).</subfield>
          </datafield>
          <datafield tag="530" ind1=" " ind2=" ">
            <subfield code="a">LC also holds a videodisc copy, DAA 2294.</subfield>
          </datafield>
          <datafield tag="500" ind1=" " ind2=" ">
            <subfield code="a">Based on the novel by Russ Lockridge, Jr.</subfield>
          </datafield>
          <datafield tag="500" ind1=" " ind2=" ">
            <subfield code="a">Source(s) used: 1) OCLC (Worldcat database, #31003691), 8-8-96 2) videodisc jacket 3) Ross &amp; Nash's The motion picture guide 1927-1983, p. 2535 4) M/B/RS preliminary shelflist card.</subfield>
          </datafield>
          <datafield tag="541" ind1=" " ind2=" ">
            <subfield code="3">ref print;</subfield>
            <subfield code="d">Received: 9/23/59;</subfield>
            <subfield code="c">copyright deposit;</subfield>
            <subfield code="a">Copyright Collection.</subfield>
          </datafield>
          <datafield tag="651" ind1=" " ind2="0">
            <subfield code="a">United States</subfield>
            <subfield code="x">History</subfield>
            <subfield code="y">Civil War, 1861-1865</subfield>
            <subfield code="v">Drama.</subfield>
          </datafield>
          <datafield tag="650" ind1=" " ind2="0">
            <subfield code="a">Miscegenation</subfield>
            <subfield code="v">Drama.</subfield>
          </datafield>
          <datafield tag="650" ind1=" " ind2="0">
            <subfield code="a">Impediments to marriage</subfield>
            <subfield code="v">Drama.</subfield>
          </datafield>
          <datafield tag="655" ind1=" " ind2="7">
            <subfield code="a">Historical re-creations.</subfield>
            <subfield code="2">mim</subfield>
          </datafield>
          <datafield tag="655" ind1=" " ind2="7">
            <subfield code="a">Epics.</subfield>
            <subfield code="2">mim</subfield>
          </datafield>
          <datafield tag="655" ind1=" " ind2="7">
            <subfield code="a">Adaptations.</subfield>
            <subfield code="2">mim</subfield>
          </datafield>
          <datafield tag="923" ind1=" " ind2=" ">
            <subfield code="a">Purchase</subfield>
            <subfield code="d">20180718</subfield>
            <subfield code="n">340915</subfield>
            <subfield code="s">Ducar, Richard</subfield>
            <subfield code="x">Payment only per MoR</subfield>
          </datafield>
          <datafield tag="700" ind1="1" ind2=" ">
            <subfield code="a">Dmytryk, Edward,</subfield>
            <subfield code="e">direction.</subfield>
          </datafield>
          <datafield tag="700" ind1="1" ind2=" ">
            <subfield code="a">Lewis, David,</subfield>
            <subfield code="d">1903-1987,</subfield>
            <subfield code="e">production.</subfield>
          </datafield>
          <datafield tag="700" ind1="1" ind2=" ">
            <subfield code="a">Kaufman, Millard,</subfield>
            <subfield code="e">writing.</subfield>
          </datafield>
          <datafield tag="700" ind1="1" ind2=" ">
            <subfield code="a">Green, Johnny,</subfield>
            <subfield code="d">1908-1989,</subfield>
            <subfield code="e">music.</subfield>
          </datafield>
          <datafield tag="700" ind1="1" ind2=" ">
            <subfield code="a">Clift, Montgomery,</subfield>
            <subfield code="e">cast.</subfield>
          </datafield>
          <datafield tag="700" ind1="1" ind2=" ">
            <subfield code="a">Taylor, Elizabeth,</subfield>
            <subfield code="d">1932-2011,</subfield>
            <subfield code="e">cast.</subfield>
          </datafield>
          <datafield tag="700" ind1="1" ind2=" ">
            <subfield code="a">Saint, Eva Marie,</subfield>
            <subfield code="d">1924-</subfield>
            <subfield code="e">cast.</subfield>
          </datafield>
          <datafield tag="700" ind1="1" ind2=" ">
            <subfield code="a">Marvin, Lee,</subfield>
            <subfield code="e">cast.</subfield>
          </datafield>
          <datafield tag="700" ind1="1" ind2=" ">
            <subfield code="a">Taylor, Rod,</subfield>
            <subfield code="d">1930-2015,</subfield>
            <subfield code="e">cast.</subfield>
          </datafield>
          <datafield tag="700" ind1="1" ind2=" ">
            <subfield code="a">Moorehead, Agnes,</subfield>
            <subfield code="d">1906-1974,</subfield>
            <subfield code="e">cast.</subfield>
          </datafield>
          <datafield tag="700" ind1="1" ind2=" ">
            <subfield code="a">Abel, Walter,</subfield>
            <subfield code="d">1898-1987,</subfield>
            <subfield code="e">cast.</subfield>
          </datafield>
          <datafield tag="700" ind1="1" ind2=" ">
            <subfield code="a">Drake, Tom,</subfield>
            <subfield code="d">1918-1982,</subfield>
            <subfield code="e">cast.</subfield>
          </datafield>
          <datafield tag="700" ind1="1" ind2=" ">
            <subfield code="a">Williams, Rhys,</subfield>
            <subfield code="d">1892-1969,</subfield>
            <subfield code="e">cast.</subfield>
          </datafield>
          <datafield tag="700" ind1="1" ind2=" ">
            <subfield code="a">Kelley, DeForest,</subfield>
            <subfield code="d">1920-1999,</subfield>
            <subfield code="e">cast.</subfield>
          </datafield>
          <datafield tag="700" ind1="1" ind2=" ">
            <subfield code="a">Lockridge, Ross,</subfield>
            <subfield code="d">1914-1948.</subfield>
            <subfield code="e">Raintree County.</subfield>
          </datafield>
          <datafield tag="710" ind1="2" ind2=" ">
            <subfield code="a">Metro-Goldwyn-Mayer.</subfield>
          </datafield>
          <datafield tag="710" ind1="2" ind2=" ">
            <subfield code="a">Loew's Incorporated.</subfield>
          </datafield>
          <datafield tag="710" ind1="2" ind2=" ">
            <subfield code="a">Copyright Collection (Library of Congress)</subfield>
            <subfield code="5">DLC</subfield>
          </datafield>
          <datafield tag="952" ind1=" " ind2=" ">
            <subfield code="a">Item not viewed.</subfield>
          </datafield>
          <datafield tag="953" ind1=" " ind2=" ">
            <subfield code="a">TE01</subfield>
          </datafield>
          <datafield tag="991" ind1=" " ind2=" ">
            <subfield code="b">c-MP&amp;TV</subfield>
            <subfield code="h">FGA 9104-9124 (ref print)</subfield>
            <subfield code="w">MUMS VM File</subfield>
          </datafield>
        </record>
      </zs:recordData>
      <zs:recordPosition>37</zs:recordPosition>
    </zs:record>