
    <zs:record>
      <zs:recordSchema/>
      <zs:recordPacking>xml</zs:recordPacking>
      <zs:recordData>
        <record xmlns="http://www.loc.gov/MARC21/slim">
          <leader>04108cgm a22006257a 4500</leader>
          <controlfield tag="001">11623680</controlfield>
          <controlfield tag="005">20161223123608.0</controlfield>
          <controlfield tag="007">vd caaho|</controlfield>
          <controlfield tag="007">mr c|aaf|nara||ac200106</controlfield>
          <controlfield tag="007">vd cgaiz|</controlfield>
          <controlfield tag="008">930910r19841967xxu124            mleng  </controlfield>
          <datafield tag="035" ind1=" " ind2=" ">
            <subfield code="9">(DLC)   93512751</subfield>
          </datafield>
          <datafield tag="906" ind1=" " ind2=" ">
            <subfield code="a">0</subfield>
            <subfield code="b">cbc</subfield>
            <subfield code="c">orignew</subfield>
            <subfield code="d">u</subfield>
            <subfield code="e">ncip</subfield>
            <subfield code="f">19</subfield>
            <subfield code="g">y-movingim</subfield>
          </datafield>
          <datafield tag="010" ind1=" " ind2=" ">
            <subfield code="a">   93512751 </subfield>
            <subfield code="z">   93512360 </subfield>
          </datafield>
          <datafield tag="017" ind1=" " ind2=" ">
            <subfield code="a">LF10</subfield>
            <subfield code="b">U.S. Copyright Office</subfield>
          </datafield>
          <datafield tag="040" ind1=" " ind2=" ">
            <subfield code="a">DLC</subfield>
            <subfield code="c">DLC</subfield>
            <subfield code="e">amim</subfield>
            <subfield code="d">DLC</subfield>
          </datafield>
          <datafield tag="050" ind1="0" ind2="0">
            <subfield code="a">VAC 8421 (viewing copy)</subfield>
          </datafield>
          <datafield tag="050" ind1="0" ind2="0">
            <subfield code="a">DAA 0966 (viewing copy)</subfield>
          </datafield>
          <datafield tag="050" ind1="0" ind2="0">
            <subfield code="a">FGC 3290-3296 (viewing print)</subfield>
          </datafield>
          <datafield tag="245" ind1="0" ind2="4">
            <subfield code="a">The Taming of the shrew /</subfield>
            <subfield code="c">a Royal Films International/F.A.I. Production ; directed by Franco Zeffirelli ; produced by Richard Burton, Elizabeth Taylor, Franco Zeffirelli ; screenplay by Paul Dehn, Suso Cecchi D'Amico, Franco Zeffirelli.</subfield>
          </datafield>
          <datafield tag="257" ind1=" " ind2=" ">
            <subfield code="a">United States ; Italy.</subfield>
          </datafield>
          <datafield tag="260" ind1=" " ind2=" ">
            <subfield code="a">United States :</subfield>
            <subfield code="b">Columbia Pictures,</subfield>
            <subfield code="c">1967 ;</subfield>
            <subfield code="a">United States :</subfield>
            <subfield code="b">Columbia Pictures Home Entertainment ;</subfield>
            <subfield code="a">United States :</subfield>
            <subfield code="b">RCA/Columbia Pictures Home Video,</subfield>
            <subfield code="c">1984.</subfield>
          </datafield>
          <datafield tag="300" ind1=" " ind2=" ">
            <subfield code="3">viewing copy</subfield>
            <subfield code="a">1 videocassette of 1 (Beta) (ca. 122 min.) :</subfield>
            <subfield code="b">sd., col. ;</subfield>
            <subfield code="c">1/2 in.</subfield>
          </datafield>
          <datafield tag="300" ind1=" " ind2=" ">
            <subfield code="3">viewing copy</subfield>
            <subfield code="a">1 videodisc of 1 (optical) (ca. 122 min.) :</subfield>
            <subfield code="b">sd., col. ;</subfield>
            <subfield code="c">12 in.</subfield>
          </datafield>
          <datafield tag="300" ind1=" " ind2=" ">
            <subfield code="3">viewing print</subfield>
            <subfield code="a">14 film reels of 14 on 7 (ca. 124 min., 11,160 ft.) :</subfield>
            <subfield code="b">sd., col. ;</subfield>
            <subfield code="c">35 mm.</subfield>
          </datafield>
          <datafield tag="500" ind1=" " ind2=" ">
            <subfield code="a">Copyright: F.A.I. Films Artistici Internazionali, S.R.L.; 1Mar67; LF10.</subfield>
          </datafield>
          <datafield tag="500" ind1=" " ind2=" ">
            <subfield code="a">Copyright notice on videocassette box: Columbia Pictures Industries, Inc. ; 1967.</subfield>
          </datafield>
          <datafield tag="500" ind1=" " ind2=" ">
            <subfield code="a">Copyright notice on videodisc jacket and label: RCA/Columbia Pictures Home Video ; 1984.</subfield>
          </datafield>
          <datafield tag="500" ind1=" " ind2=" ">
            <subfield code="a">Released in Italy in 1967 as La bisbetica domata.</subfield>
          </datafield>
          <datafield tag="508" ind1=" " ind2=" ">
            <subfield code="a">Executive producer, Richard McWhorter ; photography by Oswald Morris, Luciano Trasatti ; film editors, Peter Taylor, Carlo Fabianelli ; music, Nino Rota.</subfield>
          </datafield>
          <datafield tag="511" ind1="1" ind2=" ">
            <subfield code="a">Elizabeth Taylor, Richard Burton, Cyril Cusack, Michael Hordern, Alfred Lynch, Alan Webb, Victor Spinetti, Michael York, Natasha Pyne.</subfield>
          </datafield>
          <datafield tag="500" ind1=" " ind2=" ">
            <subfield code="a">Videocassette reissue date unknown.</subfield>
          </datafield>
          <datafield tag="520" ind1=" " ind2=" ">
            <subfield code="a">William Shakespeare's comic look at the war between the sexes in the 16th century. When Petruchio, a poverty stricken gentleman from Verona, seeks a rich wife in Padua, he winds up with Katharina, a self-willed shrew. Their honeymoon becomes a humourous battle of wits and insults, with Kate as determined to maintain her independence as Petruchio is to "tame" her. But when the newlyweds return to Padua, Petruchio wagers that his Kate is now the most obedient of wives. Kate helps Petruchio win his wager, but she shows she has found a more effective way of dominating her mate.</subfield>
          </datafield>
          <datafield tag="500" ind1=" " ind2=" ">
            <subfield code="a">Part of summary from videocassette box.</subfield>
          </datafield>
          <datafield tag="500" ind1=" " ind2=" ">
            <subfield code="a">Based on the play by William Shakespeare.</subfield>
          </datafield>
          <datafield tag="500" ind1=" " ind2=" ">
            <subfield code="a">On disc jacket: Pioneer Video, Inc. 30110.</subfield>
          </datafield>
          <datafield tag="500" ind1=" " ind2=" ">
            <subfield code="a">Sources used: videocassette box; copyright catalog, motion pictures, 1960-1969; videodisc jacket and label; The AFI cat.: features 1961-1970, index 1976; Variety, 3/1/1967.</subfield>
          </datafield>
          <datafield tag="541" ind1=" " ind2=" ">
            <subfield code="d">Received: 1990-10-29;</subfield>
            <subfield code="3">viewing copy;</subfield>
            <subfield code="c">gift;</subfield>
            <subfield code="a">Coca-Cola Company Collection.</subfield>
          </datafield>
          <datafield tag="541" ind1=" " ind2=" ">
            <subfield code="d">Received: between 1985 and 1990;</subfield>
            <subfield code="3">viewing copy;</subfield>
            <subfield code="c">purchase;</subfield>
            <subfield code="a">LC Purchase Collection.</subfield>
          </datafield>
          <datafield tag="541" ind1=" " ind2=" ">
            <subfield code="d">Received: 1971-02-05;</subfield>
            <subfield code="3">viewing print;</subfield>
            <subfield code="c">copyright deposit;</subfield>
            <subfield code="a">Copyright Collection.</subfield>
          </datafield>
          <datafield tag="655" ind1=" " ind2="7">
            <subfield code="a">Comedy films.</subfield>
            <subfield code="2">lcgft</subfield>
          </datafield>
          <datafield tag="655" ind1=" " ind2="7">
            <subfield code="a">Feature films.</subfield>
            <subfield code="2">lcgft</subfield>
          </datafield>
          <datafield tag="655" ind1=" " ind2="7">
            <subfield code="a">Videodiscs.</subfield>
            <subfield code="2">gmgpc</subfield>
          </datafield>
          <datafield tag="700" ind1="1" ind2=" ">
            <subfield code="a">Zeffirelli, Franco,</subfield>
            <subfield code="e">direction,</subfield>
            <subfield code="e">production,</subfield>
            <subfield code="e">writing.</subfield>
          </datafield>
          <datafield tag="700" ind1="1" ind2=" ">
            <subfield code="a">Dehn, Paul,</subfield>
            <subfield code="d">1912-1976,</subfield>
            <subfield code="e">writing.</subfield>
          </datafield>
          <datafield tag="700" ind1="1" ind2=" ">
            <subfield code="a">Cecchi d'Amico, Suso,</subfield>
            <subfield code="e">writing.</subfield>
          </datafield>
          <datafield tag="700" ind1="1" ind2=" ">
            <subfield code="a">Taylor, Elizabeth,</subfield>
            <subfield code="d">1932-2011,</subfield>
            <subfield code="e">cast.</subfield>
          </datafield>
          <datafield tag="700" ind1="1" ind2=" ">
            <subfield code="a">Burton, Richard,</subfield>
            <subfield code="d">1925-1984,</subfield>
            <subfield code="e">cast.</subfield>
          </datafield>
          <datafield tag="700" ind1="1" ind2=" ">
            <subfield code="a">Cusack, Cyril,</subfield>
            <subfield code="d">1910-1993,</subfield>
            <subfield code="e">cast.</subfield>
          </datafield>
          <datafield tag="710" ind1="2" ind2=" ">
            <subfield code="a">Coca-Cola Company Collection (Library of Congress)</subfield>
            <subfield code="5">DLC</subfield>
          </datafield>
          <datafield tag="710" ind1="2" ind2=" ">
            <subfield code="a">LC Purchase Collection (Library of Congress)</subfield>
            <subfield code="5">DLC</subfield>
          </datafield>
          <datafield tag="710" ind1="2" ind2=" ">
            <subfield code="a">Copyright Collection (Library of Congress)</subfield>
            <subfield code="5">DLC</subfield>
          </datafield>
          <datafield tag="953" ind1=" " ind2=" ">
            <subfield code="a">TE01</subfield>
          </datafield>
          <datafield tag="969" ind1=" " ind2=" ">
            <subfield code="a">Duplicate records merged into this record and 93512360 deleted by KB, 12/8/93.</subfield>
          </datafield>
          <datafield tag="991" ind1=" " ind2=" ">
            <subfield code="b">c-MP&amp;TV</subfield>
            <subfield code="h">VAC 8421 (viewing copy)</subfield>
            <subfield code="w">MUMS VM File</subfield>
          </datafield>
        </record>
      </zs:recordData>
      <zs:recordPosition>39</zs:recordPosition>
    </zs:record>