
    <zs:record>
      <zs:recordSchema/>
      <zs:recordPacking>xml</zs:recordPacking>
      <zs:recordData>
        <record xmlns="http://www.loc.gov/MARC21/slim">
          <leader>07228cgm a22012617i 4500</leader>
          <controlfield tag="001">20476857</controlfield>
          <controlfield tag="005">20230726102524.0</controlfield>
          <controlfield tag="007">vd mvaizu</controlfield>
          <controlfield tag="008">180501t20152015xxu804 |          mleng  </controlfield>
          <datafield tag="906" ind1=" " ind2=" ">
            <subfield code="a">7</subfield>
            <subfield code="b">cbc</subfield>
            <subfield code="c">origres</subfield>
            <subfield code="d">u</subfield>
            <subfield code="e">ncip</subfield>
            <subfield code="f">20</subfield>
            <subfield code="g">y-movingim</subfield>
          </datafield>
          <datafield tag="955" ind1=" " ind2=" ">
            <subfield code="a">qm25 2018-05-01 z-client</subfield>
            <subfield code="i">qm25 2018-05-01</subfield>
          </datafield>
          <datafield tag="010" ind1=" " ind2=" ">
            <subfield code="a">  2018600851</subfield>
          </datafield>
          <datafield tag="024" ind1="1" ind2=" ">
            <subfield code="a">610583522594</subfield>
          </datafield>
          <datafield tag="028" ind1="4" ind2="2">
            <subfield code="a">31401-X</subfield>
            <subfield code="b">Time Life</subfield>
            <subfield code="q">(container)</subfield>
          </datafield>
          <datafield tag="028" ind1="4" ind2="2">
            <subfield code="a">31417-X</subfield>
            <subfield code="b">Time Life</subfield>
            <subfield code="q">(disc 1)</subfield>
          </datafield>
          <datafield tag="028" ind1="4" ind2="2">
            <subfield code="a">31419-X</subfield>
            <subfield code="b">Time Life</subfield>
            <subfield code="q">(disc 2)</subfield>
          </datafield>
          <datafield tag="028" ind1="4" ind2="2">
            <subfield code="a">31421-X</subfield>
            <subfield code="b">Time Life</subfield>
            <subfield code="q">(disc 3)</subfield>
          </datafield>
          <datafield tag="028" ind1="4" ind2="2">
            <subfield code="a">31423-X</subfield>
            <subfield code="b">Time Life</subfield>
            <subfield code="q">(disc 4)</subfield>
          </datafield>
          <datafield tag="028" ind1="4" ind2="2">
            <subfield code="a">31425-X</subfield>
            <subfield code="b">Time Life</subfield>
            <subfield code="q">(disc 5)</subfield>
          </datafield>
          <datafield tag="028" ind1="4" ind2="2">
            <subfield code="a">31427-X</subfield>
            <subfield code="b">Time Life</subfield>
            <subfield code="q">(disc 6)</subfield>
          </datafield>
          <datafield tag="035" ind1=" " ind2=" ">
            <subfield code="a">(OCoLC)951216078</subfield>
            <subfield code="z">(OCoLC)1020548125</subfield>
          </datafield>
          <datafield tag="040" ind1=" " ind2=" ">
            <subfield code="a">DLC</subfield>
            <subfield code="b">eng</subfield>
            <subfield code="e">rda</subfield>
            <subfield code="c">DLC</subfield>
          </datafield>
          <datafield tag="041" ind1="0" ind2=" ">
            <subfield code="a">eng</subfield>
            <subfield code="j">eng</subfield>
          </datafield>
          <datafield tag="044" ind1=" " ind2=" ">
            <subfield code="a">xxu</subfield>
          </datafield>
          <datafield tag="046" ind1=" " ind2=" ">
            <subfield code="o">1956</subfield>
            <subfield code="p">1996</subfield>
            <subfield code="2">edtf</subfield>
          </datafield>
          <datafield tag="050" ind1="0" ind2="0">
            <subfield code="a">DVE 2470 (viewing copy)</subfield>
          </datafield>
          <datafield tag="245" ind1="0" ind2="0">
            <subfield code="a">Thanks for the memories :</subfield>
            <subfield code="b">the Bob Hope specials /</subfield>
            <subfield code="c">producer for Bob Hope Enterprises, James Hardy.</subfield>
          </datafield>
          <datafield tag="246" ind1="3" ind2="0">
            <subfield code="a">Bob Hope specials</subfield>
          </datafield>
          <datafield tag="250" ind1=" " ind2=" ">
            <subfield code="a">Collector's edition.</subfield>
          </datafield>
          <datafield tag="257" ind1=" " ind2=" ">
            <subfield code="a">United States</subfield>
            <subfield code="2">naf</subfield>
          </datafield>
          <datafield tag="264" ind1=" " ind2="2">
            <subfield code="a">[Fairfax, Virginia] :</subfield>
            <subfield code="b">Time Life,</subfield>
            <subfield code="c">[2015]</subfield>
          </datafield>
          <datafield tag="264" ind1=" " ind2="4">
            <subfield code="c">©2015</subfield>
          </datafield>
          <datafield tag="300" ind1=" " ind2=" ">
            <subfield code="3">viewing copy</subfield>
            <subfield code="a">6 videodiscs (approximately 804 min.) :</subfield>
            <subfield code="b">sound, color and black and white ;</subfield>
            <subfield code="c">4 3/4 in. +</subfield>
            <subfield code="e">1 booklet (12 pages : illustrations (some color) ; 19 cm)</subfield>
          </datafield>
          <datafield tag="336" ind1=" " ind2=" ">
            <subfield code="a">two-dimensional moving image</subfield>
            <subfield code="b">tdi</subfield>
            <subfield code="2">rdacontent</subfield>
          </datafield>
          <datafield tag="337" ind1=" " ind2=" ">
            <subfield code="a">video</subfield>
            <subfield code="b">v</subfield>
            <subfield code="2">rdamedia</subfield>
          </datafield>
          <datafield tag="338" ind1=" " ind2=" ">
            <subfield code="a">videodisc</subfield>
            <subfield code="b">vd</subfield>
            <subfield code="2">rdacarrier</subfield>
          </datafield>
          <datafield tag="340" ind1=" " ind2=" ">
            <subfield code="b">4 3/4 in.</subfield>
          </datafield>
          <datafield tag="344" ind1=" " ind2=" ">
            <subfield code="a">digital</subfield>
            <subfield code="b">optical</subfield>
            <subfield code="2">rda</subfield>
          </datafield>
          <datafield tag="346" ind1=" " ind2=" ">
            <subfield code="b">NTSC</subfield>
            <subfield code="2">rda</subfield>
          </datafield>
          <datafield tag="347" ind1=" " ind2=" ">
            <subfield code="a">video file</subfield>
            <subfield code="b">DVD video</subfield>
            <subfield code="e">region 1</subfield>
            <subfield code="2">rda</subfield>
          </datafield>
          <datafield tag="380" ind1=" " ind2=" ">
            <subfield code="a">Television program</subfield>
          </datafield>
          <datafield tag="546" ind1=" " ind2=" ">
            <subfield code="a">In English; closed-captioned in English.</subfield>
          </datafield>
          <datafield tag="500" ind1=" " ind2=" ">
            <subfield code="a">Originally broadcast on television 1956-1996.</subfield>
          </datafield>
          <datafield tag="500" ind1=" " ind2=" ">
            <subfield code="a">Title from container.</subfield>
          </datafield>
          <datafield tag="511" ind1="0" ind2=" ">
            <subfield code="a">Featuring Bob Hope, Jack Benny, Bing Crosby, Janet Leigh, Desi Arnaz, Lucille Ball, Vivian Vance, William Frawley, James Cagney, Diana Dors, Tony Bennett, Perry Como, James Garner, Mark Hamill, Dean Martin, Olivia Newton-John, Barbra Streisand, Tuesday Weld, the Muppets, Charo, Milton Berle, Don Rickles, George Gobel, Alan King, Don Knotts, Groucho Marx, Vincent Price, Freddie Prinze, George Burns, Sammy Davis Jr., Angie Dickinson, Phyllis Diller, Burt Reynolds, Brooke Shields, Elizabeth Taylor, Mr. T, John Wayne, Raquel Welch, Franklin D. Roosevelt, Bill Clinton, John F. Kennedy, Harry S. Truman, Johnny Carson, Gerald Ford, Arnold Palmer, Ben Hogan, Jack Nicklaus.</subfield>
          </datafield>
          <datafield tag="508" ind1=" " ind2=" ">
            <subfield code="a">Editors, Lynne O'Connor, Alex Trocker, Melissa Kaufman.</subfield>
          </datafield>
          <datafield tag="520" ind1=" " ind2=" ">
            <subfield code="a">Featuring 13 specials from 1956 to 1996, this DVD set contains hilarious compilation shows that spotlight the best moments from years of remarkable footage: a full episode of all-time classic bloopers, Bob Hope's first show in color, his 90th birthday party special, Laughing with the Presidents, and more! This collection also includes the bonus show Shanks for the Memory, on the world of golf according to Bob Hope. Guest stars include John Wayne, Bing Crosby, Raquel Welch, President Ronald Reagan, President Bill Clinton, Angie Dickinson, Lucille Ball and Desi Arnaz, and more!</subfield>
          </datafield>
          <datafield tag="505" ind1="0" ind2="0">
            <subfield code="t">Highlights of a quarter century of Bob Hope on television</subfield>
            <subfield code="g">(October 24, 1975) --</subfield>
            <subfield code="t">The Bob Hope Christmas special</subfield>
            <subfield code="g">(January 18, 1968) --</subfield>
            <subfield code="t">Bonus feature.</subfield>
            <subfield code="t">Shanks for the memories</subfield>
            <subfield code="g">(1994) --</subfield>
            <subfield code="t">Bob Hope ... laughing with the presidents</subfield>
            <subfield code="g">(November 23, 1996) --</subfield>
            <subfield code="t">The hilarious unrehearsed antics of the stars</subfield>
            <subfield code="g">(September 28, 1984) --</subfield>
            <subfield code="t">A Bob Hope comedy special</subfield>
            <subfield code="g">(December 15, 1965) --</subfield>
            <subfield code="t">Bob Hope's world of comedy</subfield>
            <subfield code="g">(October 29, 1976) --</subfield>
            <subfield code="t">The Bob Hope Chevy show</subfield>
            <subfield code="g">(October 21, 1956) --</subfield>
            <subfield code="t">Joys (a comedy whodunit)</subfield>
            <subfield code="g">(March 5, 1976) --</subfield>
            <subfield code="t">Texaco presents the Bob Hope all-star Christmas comedy special</subfield>
            <subfield code="g">(December 19, 1977) --</subfield>
            <subfield code="t">Chrysler presents a Bob Hope comedy special</subfield>
            <subfield code="g">(October 19, 1966) --</subfield>
            <subfield code="t">A Bob Hope comedy special</subfield>
            <subfield code="g">(September 27, 1963) --</subfield>
            <subfield code="t">Chrysler presents a Bob Hope comedy special</subfield>
            <subfield code="g">(February 15, 1967) --</subfield>
            <subfield code="t">Bob Hope : the first 90 years</subfield>
            <subfield code="g">(May 14, 1993).</subfield>
          </datafield>
          <datafield tag="600" ind1="1" ind2="0">
            <subfield code="a">Hope, Bob,</subfield>
            <subfield code="d">1903-2003.</subfield>
          </datafield>
          <datafield tag="655" ind1=" " ind2="7">
            <subfield code="a">Television specials.</subfield>
            <subfield code="2">lcgft</subfield>
          </datafield>
          <datafield tag="655" ind1=" " ind2="7">
            <subfield code="a">Television comedies.</subfield>
            <subfield code="2">lcgft</subfield>
          </datafield>
          <datafield tag="655" ind1=" " ind2="7">
            <subfield code="a">Variety shows (Television programs)</subfield>
            <subfield code="2">lcgft</subfield>
          </datafield>
          <datafield tag="655" ind1=" " ind2="7">
            <subfield code="a">Televised stand-up comedy routines.</subfield>
            <subfield code="2">lcgft</subfield>
          </datafield>
          <datafield tag="655" ind1=" " ind2="7">
            <subfield code="a">Parody television programs.</subfield>
            <subfield code="2">lcgft</subfield>
          </datafield>
          <datafield tag="655" ind1=" " ind2="7">
            <subfield code="a">Documentary television programs.</subfield>
            <subfield code="2">lcgft</subfield>
          </datafield>
          <datafield tag="655" ind1=" " ind2="7">
            <subfield code="a">Television interviews.</subfield>
            <subfield code="2">lcgft</subfield>
          </datafield>
          <datafield tag="655" ind1=" " ind2="7">
            <subfield code="a">Fiction television programs.</subfield>
            <subfield code="2">lcgft</subfield>
          </datafield>
          <datafield tag="655" ind1=" " ind2="7">
            <subfield code="a">Nonfiction television programs.</subfield>
            <subfield code="2">lcgft</subfield>
          </datafield>
          <datafield tag="655" ind1=" " ind2="7">
            <subfield code="a">Video recordings for the hearing impaired.</subfield>
            <subfield code="2">lcgft</subfield>
          </datafield>
          <datafield tag="700" ind1="1" ind2=" ">
            <subfield code="a">Hope, Bob,</subfield>
            <subfield code="d">1903-2003,</subfield>
            <subfield code="e">performer.</subfield>
          </datafield>
          <datafield tag="700" ind1="1" ind2=" ">
            <subfield code="a">Benny, Jack,</subfield>
            <subfield code="d">1894-1974,</subfield>
            <subfield code="e">performer.</subfield>
          </datafield>
          <datafield tag="700" ind1="1" ind2=" ">
            <subfield code="a">Crosby, Bing,</subfield>
            <subfield code="d">1903-1977,</subfield>
            <subfield code="e">performer.</subfield>
          </datafield>
          <datafield tag="700" ind1="1" ind2=" ">
            <subfield code="a">Leigh, Janet,</subfield>
            <subfield code="e">performer.</subfield>
          </datafield>
          <datafield tag="700" ind1="1" ind2=" ">
            <subfield code="a">Arnaz, Desi,</subfield>
            <subfield code="d">1917-1986,</subfield>
            <subfield code="e">performer.</subfield>
          </datafield>
          <datafield tag="700" ind1="1" ind2=" ">
            <subfield code="a">Ball, Lucille,</subfield>
            <subfield code="d">1911-1989,</subfield>
            <subfield code="e">performer.</subfield>
          </datafield>
          <datafield tag="700" ind1="1" ind2=" ">
            <subfield code="a">Vance, Vivian,</subfield>
            <subfield code="e">performer.</subfield>
          </datafield>
          <datafield tag="700" ind1="1" ind2=" ">
            <subfield code="a">Frawley, William,</subfield>
            <subfield code="d">1887-1966,</subfield>
            <subfield code="e">performer.</subfield>
          </datafield>
          <datafield tag="700" ind1="1" ind2=" ">
            <subfield code="a">Cagney, James,</subfield>
            <subfield code="d">1899-1986,</subfield>
            <subfield code="e">performer.</subfield>
          </datafield>
          <datafield tag="700" ind1="1" ind2=" ">
            <subfield code="a">Dors, Diana,</subfield>
            <subfield code="e">performer.</subfield>
          </datafield>
          <datafield tag="700" ind1="1" ind2=" ">
            <subfield code="a">Bennett, Tony,</subfield>
            <subfield code="d">1926-2023,</subfield>
            <subfield code="e">performer.</subfield>
          </datafield>
          <datafield tag="700" ind1="1" ind2=" ">
            <subfield code="a">Como, Perry,</subfield>
            <subfield code="d">1912-2001,</subfield>
            <subfield code="e">performer.</subfield>
          </datafield>
          <datafield tag="700" ind1="1" ind2=" ">
            <subfield code="a">Garner, James,</subfield>
            <subfield code="e">performer.</subfield>
          </datafield>
          <datafield tag="700" ind1="1" ind2=" ">
            <subfield code="a">Hamill, Mark,</subfield>
            <subfield code="e">performer.</subfield>
          </datafield>
          <datafield tag="700" ind1="1" ind2=" ">
            <subfield code="a">Martin, Dean,</subfield>
            <subfield code="d">1917-1995,</subfield>
            <subfield code="e">performer.</subfield>
          </datafield>
          <datafield tag="700" ind1="1" ind2=" ">
            <subfield code="a">Newton-John, Olivia,</subfield>
            <subfield code="e">performer.</subfield>
          </datafield>
          <datafield tag="700" ind1="1" ind2=" ">
            <subfield code="a">Streisand, Barbra,</subfield>
            <subfield code="e">performer.</subfield>
          </datafield>
          <datafield tag="700" ind1="1" ind2=" ">
            <subfield code="a">Weld, Tuesday,</subfield>
            <subfield code="d">1943-</subfield>
            <subfield code="e">performer.</subfield>
          </datafield>
          <datafield tag="700" ind1="0" ind2=" ">
            <subfield code="a">Charo,</subfield>
            <subfield code="e">performer.</subfield>
          </datafield>
          <datafield tag="700" ind1="1" ind2=" ">
            <subfield code="a">Berle, Milton,</subfield>
            <subfield code="e">performer.</subfield>
          </datafield>
          <datafield tag="700" ind1="1" ind2=" ">
            <subfield code="a">Rickles, Don,</subfield>
            <subfield code="e">performer.</subfield>
          </datafield>
          <datafield tag="700" ind1="1" ind2=" ">
            <subfield code="a">Gobel, George,</subfield>
            <subfield code="d">1919-1991,</subfield>
            <subfield code="e">performer.</subfield>
          </datafield>
          <datafield tag="700" ind1="1" ind2=" ">
            <subfield code="a">King, Alan,</subfield>
            <subfield code="d">1927-2004,</subfield>
            <subfield code="e">performer.</subfield>
          </datafield>
          <datafield tag="700" ind1="1" ind2=" ">
            <subfield code="a">Knotts, Don,</subfield>
            <subfield code="d">1924-2006,</subfield>
            <subfield code="e">performer.</subfield>
          </datafield>
          <datafield tag="700" ind1="1" ind2=" ">
            <subfield code="a">Marx, Groucho,</subfield>
            <subfield code="d">1890-1977,</subfield>
            <subfield code="e">performer.</subfield>
          </datafield>
          <datafield tag="700" ind1="1" ind2=" ">
            <subfield code="a">Price, Vincent,</subfield>
            <subfield code="d">1911-1993,</subfield>
            <subfield code="e">performer.</subfield>
          </datafield>
          <datafield tag="700" ind1="1" ind2=" ">
            <subfield code="a">Prinze, Freddie,</subfield>
            <subfield code="e">performer.</subfield>
          </datafield>
          <datafield tag="700" ind1="1" ind2=" ">
            <subfield code="a">Burns, George,</subfield>
            <subfield code="d">1896-1996,</subfield>
            <subfield code="e">performer.</subfield>
          </datafield>
          <datafield tag="700" ind1="1" ind2=" ">
            <subfield code="a">Davis, Sammy,</subfield>
            <subfield code="c">Jr.,</subfield>
            <subfield code="d">1925-1990,</subfield>
            <subfield code="e">performer.</subfield>
          </datafield>
          <datafield tag="700" ind1="1" ind2=" ">
            <subfield code="a">Dickinson, Angie,</subfield>
            <subfield code="e">performer.</subfield>
          </datafield>
          <datafield tag="700" ind1="1" ind2=" ">
            <subfield code="a">Diller, Phyllis,</subfield>
            <subfield code="e">performer.</subfield>
          </datafield>
          <datafield tag="700" ind1="1" ind2=" ">
            <subfield code="a">Reynolds, Burt,</subfield>
            <subfield code="e">performer.</subfield>
          </datafield>
          <datafield tag="700" ind1="1" ind2=" ">
            <subfield code="a">Shields, Brooke,</subfield>
            <subfield code="d">1965-</subfield>
            <subfield code="e">performer.</subfield>
          </datafield>
          <datafield tag="700" ind1="1" ind2=" ">
            <subfield code="a">Taylor, Elizabeth,</subfield>
            <subfield code="d">1932-2011,</subfield>
            <subfield code="e">performer.</subfield>
          </datafield>
          <datafield tag="700" ind1="0" ind2=" ">
            <subfield code="a">Mr. T,</subfield>
            <subfield code="e">performer.</subfield>
          </datafield>
          <datafield tag="700" ind1="1" ind2=" ">
            <subfield code="a">Wayne, John,</subfield>
            <subfield code="d">1907-1979,</subfield>
            <subfield code="e">performer.</subfield>
          </datafield>
          <datafield tag="700" ind1="1" ind2=" ">
            <subfield code="a">Welch, Raquel,</subfield>
            <subfield code="e">performer.</subfield>
          </datafield>
          <datafield tag="700" ind1="1" ind2=" ">
            <subfield code="a">Roosevelt, Franklin D.</subfield>
            <subfield code="q">(Franklin Delano),</subfield>
            <subfield code="d">1882-1945,</subfield>
            <subfield code="e">on-screen participant.</subfield>
          </datafield>
          <datafield tag="700" ind1="1" ind2=" ">
            <subfield code="a">Clinton, Bill,</subfield>
            <subfield code="d">1946-</subfield>
            <subfield code="e">on-screen participant.</subfield>
          </datafield>
          <datafield tag="700" ind1="1" ind2=" ">
            <subfield code="a">Kennedy, John F.</subfield>
            <subfield code="q">(John Fitzgerald),</subfield>
            <subfield code="d">1917-1963,</subfield>
            <subfield code="e">on-screen participant.</subfield>
          </datafield>
          <datafield tag="700" ind1="1" ind2=" ">
            <subfield code="a">Truman, Harry S.,</subfield>
            <subfield code="d">1884-1972,</subfield>
            <subfield code="e">on-screen participant.</subfield>
          </datafield>
          <datafield tag="700" ind1="1" ind2=" ">
            <subfield code="a">Carson, Johnny,</subfield>
            <subfield code="d">1925-2005,</subfield>
            <subfield code="e">performer.</subfield>
          </datafield>
          <datafield tag="700" ind1="1" ind2=" ">
            <subfield code="a">Ford, Gerald R.,</subfield>
            <subfield code="d">1913-2006,</subfield>
            <subfield code="e">on-screen participant.</subfield>
          </datafield>
          <datafield tag="700" ind1="1" ind2=" ">
            <subfield code="a">Palmer, Arnold,</subfield>
            <subfield code="d">1929-2016,</subfield>
            <subfield code="e">on-screen participant.</subfield>
          </datafield>
          <datafield tag="700" ind1="1" ind2=" ">
            <subfield code="a">Hogan, Ben,</subfield>
            <subfield code="d">1912-1997,</subfield>
            <subfield code="e">on-screen participant.</subfield>
          </datafield>
          <datafield tag="700" ind1="1" ind2=" ">
            <subfield code="a">Nicklaus, Jack,</subfield>
            <subfield code="e">on-screen participant.</subfield>
          </datafield>
          <datafield tag="700" ind1="1" ind2=" ">
            <subfield code="a">Hope, Bob,</subfield>
            <subfield code="d">1903-2003,</subfield>
            <subfield code="e">actor.</subfield>
          </datafield>
          <datafield tag="710" ind1="2" ind2=" ">
            <subfield code="a">Jim Henson's Sesame Street Muppets.</subfield>
            <subfield code="e">performer.</subfield>
          </datafield>
          <datafield tag="773" ind1="0" ind2=" ">
            <subfield code="t">Snelson (John) Collection (Library of Congress)</subfield>
          </datafield>
        </record>
      </zs:recordData>
      <zs:recordPosition>41</zs:recordPosition>
    </zs:record>