
    <zs:record>
      <zs:recordSchema/>
      <zs:recordPacking>xml</zs:recordPacking>
      <zs:recordData>
        <record xmlns="http://www.loc.gov/MARC21/slim">
          <leader>01889cam a22003853a 4500</leader>
          <controlfield tag="001">16246234</controlfield>
          <controlfield tag="005">20110323094859.0</controlfield>
          <controlfield tag="008">100521s1964    xx            000 0deng  </controlfield>
          <datafield tag="906" ind1=" " ind2=" ">
            <subfield code="a">7</subfield>
            <subfield code="b">cbc</subfield>
            <subfield code="c">orignew</subfield>
            <subfield code="d">2</subfield>
            <subfield code="e">ncip</subfield>
            <subfield code="f">20</subfield>
            <subfield code="g">y-genrareb</subfield>
          </datafield>
          <datafield tag="955" ind1=" " ind2=" ">
            <subfield code="b">he11 2010-05-21</subfield>
            <subfield code="i">he11 2010-05-21</subfield>
          </datafield>
          <datafield tag="010" ind1=" " ind2=" ">
            <subfield code="a">  2010414304</subfield>
          </datafield>
          <datafield tag="040" ind1=" " ind2=" ">
            <subfield code="a">DLC</subfield>
            <subfield code="c">DLC</subfield>
            <subfield code="d">DLC</subfield>
          </datafield>
          <datafield tag="050" ind1="0" ind2="0">
            <subfield code="a">PN2093</subfield>
            <subfield code="b">.C64 1995 no. W108</subfield>
          </datafield>
          <datafield tag="245" ind1="0" ind2="0">
            <subfield code="a">World enough and time.</subfield>
          </datafield>
          <datafield tag="260" ind1=" " ind2=" ">
            <subfield code="c">1964.</subfield>
          </datafield>
          <datafield tag="300" ind1=" " ind2=" ">
            <subfield code="a">1 v. (theater program).</subfield>
          </datafield>
          <datafield tag="520" ind1=" " ind2=" ">
            <subfield code="a">Lunt-Fontanne Theatre, for the benefit of the American Musical and Dramatic Academy, Alexander H. Cohen presents Elizabeth Taylor, Richard Burton in "World Enough and Time," a reading of prose and poetry, introduced and directed by Philip Burton, lighting by Ralph Alswang, Miss Taylor's gowns by Irene Sharaff, benefit chairman: Mrs. Alfred Strelsin, co-chairman: "Mrs. Rita Fredricks, benefit coordinator: Mrs. Liska March.</subfield>
          </datafield>
          <datafield tag="500" ind1=" " ind2=" ">
            <subfield code="a">Lunt-Fontanne Theatre, Sunday, June 21, 1964.</subfield>
          </datafield>
          <datafield tag="500" ind1=" " ind2=" ">
            <subfield code="a">Title devised by Library staff.</subfield>
          </datafield>
          <datafield tag="500" ind1=" " ind2=" ">
            <subfield code="a">"Playbill. Volume 1. June 1964. Number 6"--p. [3].</subfield>
          </datafield>
          <datafield tag="500" ind1=" " ind2=" ">
            <subfield code="a">Cast: Elizabeth Taylor, Richard Burton.</subfield>
          </datafield>
          <datafield tag="580" ind1=" " ind2=" ">
            <subfield code="a">In: Richard L. Coe Theater Programs Collection (Library of Congress).</subfield>
          </datafield>
          <datafield tag="500" ind1=" " ind2=" ">
            <subfield code="a">LC copy has notations by Coe.</subfield>
            <subfield code="5">DLC</subfield>
          </datafield>
          <datafield tag="655" ind1=" " ind2="7">
            <subfield code="a">Theater programs</subfield>
            <subfield code="z">New York (State)</subfield>
            <subfield code="z">New York.</subfield>
            <subfield code="2">rbgenr</subfield>
          </datafield>
          <datafield tag="655" ind1=" " ind2="7">
            <subfield code="a">Theater programs</subfield>
            <subfield code="y">1964.</subfield>
            <subfield code="2">rbgenr</subfield>
          </datafield>
          <datafield tag="700" ind1="1" ind2=" ">
            <subfield code="a">Taylor, Elizabeth,</subfield>
            <subfield code="d">1932-2011.</subfield>
          </datafield>
          <datafield tag="700" ind1="1" ind2=" ">
            <subfield code="a">Burton, Richard,</subfield>
            <subfield code="d">1925-1984.</subfield>
          </datafield>
          <datafield tag="700" ind1="1" ind2=" ">
            <subfield code="a">Burton, Philip,</subfield>
            <subfield code="d">1904-</subfield>
          </datafield>
          <datafield tag="700" ind1="1" ind2=" ">
            <subfield code="a">Alswang, Ralph.</subfield>
          </datafield>
          <datafield tag="700" ind1="1" ind2=" ">
            <subfield code="a">Sharaff, Irene.</subfield>
          </datafield>
          <datafield tag="700" ind1="1" ind2=" ">
            <subfield code="a">Coe, Richard L.</subfield>
            <subfield code="q">(Richard Livingstone),</subfield>
            <subfield code="d">1914-1995,</subfield>
            <subfield code="e">annotator.</subfield>
            <subfield code="5">DLC</subfield>
          </datafield>
          <datafield tag="710" ind1="2" ind2=" ">
            <subfield code="a">Lunt-Fontanne Theatre (Organization : New York, N.Y.)</subfield>
          </datafield>
          <datafield tag="710" ind1="2" ind2=" ">
            <subfield code="a">Richard L. Coe Theater Programs Collection (Library of Congress)</subfield>
            <subfield code="5">DLC</subfield>
          </datafield>
          <datafield tag="752" ind1=" " ind2=" ">
            <subfield code="a">United States</subfield>
            <subfield code="b">New York</subfield>
            <subfield code="d">New York.</subfield>
          </datafield>
          <datafield tag="952" ind1=" " ind2=" ">
            <subfield code="a">Coe Programs W108</subfield>
          </datafield>
        </record>
      </zs:recordData>
      <zs:recordPosition>44</zs:recordPosition>
    </zs:record>