
    <zs:record>
      <zs:recordSchema/>
      <zs:recordPacking>xml</zs:recordPacking>
      <zs:recordData>
        <record xmlns="http://www.loc.gov/MARC21/slim">
          <leader>01714cam a22003615i 4500</leader>
          <controlfield tag="001">23374547</controlfield>
          <controlfield tag="005">20240207145845.0</controlfield>
          <controlfield tag="008">231106s2023    wau    j      000 0 eng  </controlfield>
          <datafield tag="906" ind1=" " ind2=" ">
            <subfield code="a">0</subfield>
            <subfield code="b">ibc</subfield>
            <subfield code="c">orignew</subfield>
            <subfield code="d">2</subfield>
            <subfield code="e">epcn</subfield>
            <subfield code="f">20</subfield>
            <subfield code="g">y-gencatlg</subfield>
          </datafield>
          <datafield tag="925" ind1="0" ind2=" ">
            <subfield code="a">acquire</subfield>
            <subfield code="b">1 shelf copy</subfield>
            <subfield code="x">Sel/ddw, 2024-02-07</subfield>
          </datafield>
          <datafield tag="955" ind1=" " ind2=" ">
            <subfield code="b">xd16 2023-11-06</subfield>
          </datafield>
          <datafield tag="010" ind1=" " ind2=" ">
            <subfield code="a">  2023921234</subfield>
          </datafield>
          <datafield tag="020" ind1=" " ind2=" ">
            <subfield code="a">9798865983866</subfield>
            <subfield code="q">(paperback)</subfield>
          </datafield>
          <datafield tag="040" ind1=" " ind2=" ">
            <subfield code="a">DLC</subfield>
            <subfield code="b">eng</subfield>
            <subfield code="e">rda</subfield>
            <subfield code="c">DLC</subfield>
          </datafield>
          <datafield tag="042" ind1=" " ind2=" ">
            <subfield code="a">pcc</subfield>
          </datafield>
          <datafield tag="100" ind1="1" ind2=" ">
            <subfield code="a">Abera, Mastewal,</subfield>
            <subfield code="e">author.</subfield>
          </datafield>
          <datafield tag="245" ind1="1" ind2="0">
            <subfield code="a">Thank you, cow :</subfield>
            <subfield code="b">the origin of some of Ethiopia's best foods in English and Somali /</subfield>
            <subfield code="c">Mastewal Abera, Abel Tekleyes, Caroline Kurtz, Jane Kurtz, Kenny Rasmussen, Elizabeth Spor Taylor, Beth Crow, Abdi Mohamed Hassen.</subfield>
          </datafield>
          <datafield tag="263" ind1=" " ind2=" ">
            <subfield code="a">2311</subfield>
          </datafield>
          <datafield tag="264" ind1=" " ind2="1">
            <subfield code="a">Seattle :</subfield>
            <subfield code="b">Ready Set Go Books,</subfield>
            <subfield code="c">2023.</subfield>
          </datafield>
          <datafield tag="300" ind1=" " ind2=" ">
            <subfield code="a">pages cm</subfield>
          </datafield>
          <datafield tag="336" ind1=" " ind2=" ">
            <subfield code="a">text</subfield>
            <subfield code="b">txt</subfield>
            <subfield code="2">rdacontent</subfield>
          </datafield>
          <datafield tag="337" ind1=" " ind2=" ">
            <subfield code="a">unmediated</subfield>
            <subfield code="b">n</subfield>
            <subfield code="2">rdamedia</subfield>
          </datafield>
          <datafield tag="338" ind1=" " ind2=" ">
            <subfield code="a">volume</subfield>
            <subfield code="b">nc</subfield>
            <subfield code="2">rdacarrier</subfield>
          </datafield>
          <datafield tag="520" ind1=" " ind2=" ">
            <subfield code="a">"When mama milks the family cow, everyone eats! First, there is fresh milk. With a little time, there is yogurt! With a little work, there is butter that can be added to shirro. There is buttermilk that can be turned into ayib (cheese). And finally, there is whey. Discover how much delicious food one cow can produce in our sweet look at household food production in Ethiopia"--</subfield>
            <subfield code="c">Provided by publisher.</subfield>
          </datafield>
          <datafield tag="521" ind1=" " ind2=" ">
            <subfield code="a">Ages 6-7</subfield>
            <subfield code="b">Ready Set Go Books</subfield>
          </datafield>
          <datafield tag="521" ind1=" " ind2=" ">
            <subfield code="a">Grades K-1</subfield>
            <subfield code="b">Ready Set Go Books</subfield>
          </datafield>
          <datafield tag="700" ind1="1" ind2=" ">
            <subfield code="a">Tekleyes, Abel,</subfield>
            <subfield code="e">illustrator.</subfield>
          </datafield>
          <datafield tag="700" ind1="1" ind2=" ">
            <subfield code="a">Kurtz, Caroline,</subfield>
            <subfield code="e">editor.</subfield>
          </datafield>
          <datafield tag="700" ind1="1" ind2=" ">
            <subfield code="a">Kurtz, Jane,</subfield>
            <subfield code="e">editor.</subfield>
          </datafield>
          <datafield tag="700" ind1="1" ind2=" ">
            <subfield code="a">Rasmussen, Kenny,</subfield>
            <subfield code="e">editor.</subfield>
          </datafield>
          <datafield tag="700" ind1="1" ind2=" ">
            <subfield code="a">Spor Taylor, Elizabeth,</subfield>
            <subfield code="e">editor.</subfield>
          </datafield>
          <datafield tag="700" ind1="1" ind2=" ">
            <subfield code="a">Crow, Beth,</subfield>
            <subfield code="e">other.</subfield>
          </datafield>
          <datafield tag="700" ind1="1" ind2=" ">
            <subfield code="a">Mohamed Hassen, Abdi,</subfield>
            <subfield code="e">translator.</subfield>
          </datafield>
        </record>
      </zs:recordData>
      <zs:recordPosition>47</zs:recordPosition>
    </zs:record>