
    <zs:record>
      <zs:recordSchema/>
      <zs:recordPacking>xml</zs:recordPacking>
      <zs:recordData>
        <record xmlns="http://www.loc.gov/MARC21/slim">
          <leader>02220cam a2200373 a 4500</leader>
          <controlfield tag="001">11768958</controlfield>
          <controlfield tag="005">20090728112757.0</controlfield>
          <controlfield tag="008">990810s2000    maubf    b    001 0beng  </controlfield>
          <datafield tag="906" ind1=" " ind2=" ">
            <subfield code="a">7</subfield>
            <subfield code="b">cbc</subfield>
            <subfield code="c">orignew</subfield>
            <subfield code="d">1</subfield>
            <subfield code="e">ocip</subfield>
            <subfield code="f">19</subfield>
            <subfield code="g">y-gencatlg</subfield>
          </datafield>
          <datafield tag="925" ind1="0" ind2=" ">
            <subfield code="a">acquire</subfield>
            <subfield code="b">2 shelf copies</subfield>
            <subfield code="x">policy default</subfield>
          </datafield>
          <datafield tag="955" ind1=" " ind2=" ">
            <subfield code="a">pc02 to sa00 08-10-99; lh07 holding for info. from pub. 08-12-99; lh07 (desc.) 08-27-99; lk29 to SL 09-03-99; lk02 09-08-99; to Dewey 09-08-99; aa05 09-10-99; CIP ver. pv03  07-18-00; la07 6-19-01 Copy 2 to BCCD</subfield>
          </datafield>
          <datafield tag="955" ind1=" " ind2=" ">
            <subfield code="a">CAD uf12 07-28-00</subfield>
          </datafield>
          <datafield tag="010" ind1=" " ind2=" ">
            <subfield code="a">   99042157 </subfield>
          </datafield>
          <datafield tag="020" ind1=" " ind2=" ">
            <subfield code="a">0316834033</subfield>
          </datafield>
          <datafield tag="035" ind1=" " ind2=" ">
            <subfield code="a">(DLC)   99042157</subfield>
          </datafield>
          <datafield tag="040" ind1=" " ind2=" ">
            <subfield code="a">DLC</subfield>
            <subfield code="c">DLC</subfield>
            <subfield code="d">DLC</subfield>
          </datafield>
          <datafield tag="043" ind1=" " ind2=" ">
            <subfield code="a">n-us-il</subfield>
            <subfield code="a">n-us---</subfield>
          </datafield>
          <datafield tag="050" ind1="0" ind2="0">
            <subfield code="a">F548.54.D34</subfield>
            <subfield code="b">C64 2000</subfield>
          </datafield>
          <datafield tag="082" ind1="0" ind2="0">
            <subfield code="a">977.3/11043/092</subfield>
            <subfield code="a">B</subfield>
            <subfield code="2">21</subfield>
          </datafield>
          <datafield tag="100" ind1="1" ind2=" ">
            <subfield code="a">Cohen, Adam</subfield>
            <subfield code="q">(Adam Seth)</subfield>
          </datafield>
          <datafield tag="245" ind1="1" ind2="0">
            <subfield code="a">American pharaoh :</subfield>
            <subfield code="b">Mayor Richard J. Daley : his battle for Chicago and the nation /</subfield>
            <subfield code="c">Adam Cohen and Elizabeth Taylor.</subfield>
          </datafield>
          <datafield tag="250" ind1=" " ind2=" ">
            <subfield code="a">1st ed.</subfield>
          </datafield>
          <datafield tag="260" ind1=" " ind2=" ">
            <subfield code="a">Boston :</subfield>
            <subfield code="b">Little, Brown,</subfield>
            <subfield code="c">c2000.</subfield>
          </datafield>
          <datafield tag="300" ind1=" " ind2=" ">
            <subfield code="a">614 p., [16] p. of plates :</subfield>
            <subfield code="b">map ;</subfield>
            <subfield code="c">25 cm.</subfield>
          </datafield>
          <datafield tag="504" ind1=" " ind2=" ">
            <subfield code="a">Includes bibliographical references (p. [593]-599) and index.</subfield>
          </datafield>
          <datafield tag="505" ind1="8" ind2=" ">
            <subfield code="a">Machine generated contents note: 1 A Separate World -- 2 A House for All Peoples -- 3 Chicago Ain't Ready for Reform -- 4 I Am the Mayor and Don't You Forget It -- 5 Public Aid Penitentiary -- 6 Make No Little Plans -- 7 Two for You, Three for Me -- 8 Beware of the Press, Mayor -- 9 We're Going to Have a Movement in Chicago -- 10 All of Us Are Trying to Eliminate Slums -- 11 The Outcome Was Bitterly Disappointing -- 12 Shoot to Kill -- 13 Preserving Disorder -- 14 We Wore Suits and Ties -- 15 If a Man Can't Put His Arms Around His Sons -- Acknowledgments -- Notes -- Bibliography -- Index.</subfield>
          </datafield>
          <datafield tag="600" ind1="1" ind2="0">
            <subfield code="a">Daley, Richard J.,</subfield>
            <subfield code="d">1902-1976.</subfield>
          </datafield>
          <datafield tag="650" ind1=" " ind2="0">
            <subfield code="a">Mayors</subfield>
            <subfield code="z">Illinois</subfield>
            <subfield code="z">Chicago</subfield>
            <subfield code="v">Biography.</subfield>
          </datafield>
          <datafield tag="651" ind1=" " ind2="0">
            <subfield code="a">Chicago (Ill.)</subfield>
            <subfield code="x">Politics and government</subfield>
            <subfield code="y">1951-</subfield>
          </datafield>
          <datafield tag="651" ind1=" " ind2="0">
            <subfield code="a">United States</subfield>
            <subfield code="x">Politics and government</subfield>
            <subfield code="y">1945-1989.</subfield>
          </datafield>
          <datafield tag="700" ind1="1" ind2=" ">
            <subfield code="a">Taylor, Elizabeth</subfield>
            <subfield code="q">(Elizabeth Joel)</subfield>
          </datafield>
          <datafield tag="856" ind1="4" ind2="1">
            <subfield code="3">Table of contents</subfield>
            <subfield code="u">http://www.loc.gov/catdir/toc/fy022/99042157.html</subfield>
          </datafield>
          <datafield tag="856" ind1="4" ind2="2">
            <subfield code="3">Publisher description</subfield>
            <subfield code="u">http://www.loc.gov/catdir/enhancements/fy0914/99042157-d.html</subfield>
          </datafield>
          <datafield tag="985" ind1=" " ind2=" ">
            <subfield code="e">GAP</subfield>
          </datafield>
        </record>
      </zs:recordData>
      <zs:recordPosition>55</zs:recordPosition>
    </zs:record>