
    <zs:record>
      <zs:recordSchema/>
      <zs:recordPacking>xml</zs:recordPacking>
      <zs:recordData>
        <record xmlns="http://www.loc.gov/MARC21/slim">
          <leader>01890cam a2200433 a 4500</leader>
          <controlfield tag="001">15813302</controlfield>
          <controlfield tag="005">20111005105002.0</controlfield>
          <controlfield tag="008">080628s2008    cc af    b    000 0bchi d</controlfield>
          <datafield tag="906" ind1=" " ind2=" ">
            <subfield code="a">7</subfield>
            <subfield code="b">cbc</subfield>
            <subfield code="c">copycat</subfield>
            <subfield code="d">2</subfield>
            <subfield code="e">ncip</subfield>
            <subfield code="f">20</subfield>
            <subfield code="g">y-nonroman</subfield>
          </datafield>
          <datafield tag="925" ind1="0" ind2=" ">
            <subfield code="a">acquire</subfield>
            <subfield code="b">2 shelf copy</subfield>
            <subfield code="x">policy default</subfield>
            <subfield code="z">Copy 2 assigned to Asian Division, requested by specialist mp of AD</subfield>
          </datafield>
          <datafield tag="955" ind1=" " ind2=" ">
            <subfield code="a">CNP to LC 2009-07-11</subfield>
            <subfield code="i">cc14 2010-01-21 to BCCD</subfield>
            <subfield code="a">Barcode 00180689217 returned from bindery 2010-01-28</subfield>
            <subfield code="t">cc18 2011-10-05 Copy 2 added &amp; to BCCD</subfield>
          </datafield>
          <datafield tag="010" ind1=" " ind2=" ">
            <subfield code="a">  2009425684</subfield>
          </datafield>
          <datafield tag="020" ind1=" " ind2=" ">
            <subfield code="a">9787501025756</subfield>
          </datafield>
          <datafield tag="035" ind1=" " ind2=" ">
            <subfield code="a">(OCoLC)ocn310085830</subfield>
          </datafield>
          <datafield tag="040" ind1=" " ind2=" ">
            <subfield code="a">CNPIT</subfield>
            <subfield code="c">CNPIT</subfield>
            <subfield code="d">OCoLC</subfield>
            <subfield code="d">DLC</subfield>
          </datafield>
          <datafield tag="041" ind1="1" ind2=" ">
            <subfield code="a">chi</subfield>
            <subfield code="a">eng</subfield>
            <subfield code="h">eng</subfield>
          </datafield>
          <datafield tag="042" ind1=" " ind2=" ">
            <subfield code="a">lccopycat</subfield>
          </datafield>
          <datafield tag="050" ind1="0" ind2="0">
            <subfield code="a">DS777</subfield>
            <subfield code="b">.L84 2008</subfield>
          </datafield>
          <datafield tag="066" ind1=" " ind2=" ">
            <subfield code="c">$1</subfield>
          </datafield>
          <datafield tag="100" ind1="1" ind2=" ">
            <subfield code="a">Luke, Chan,</subfield>
            <subfield code="d">1874-1949.</subfield>
          </datafield>
          <datafield tag="240" ind1="1" ind2="0">
            <subfield code="a">Sun Yat-sen, as I knew him.</subfield>
            <subfield code="l">Chinese</subfield>
          </datafield>
          <datafield tag="245" ind1="1" ind2="0">
            <subfield code="6">880-01</subfield>
            <subfield code="a">Wo suo ren shi de Sun Yixian :</subfield>
            <subfield code="b">tong nian peng you Lu Can de hui yi /</subfield>
            <subfield code="c">zhu Lu Can, Betty Tebbetts Taylor ; yi Huang Jianmin ; jiao Ou Donghong.</subfield>
          </datafield>
          <datafield tag="880" ind1="1" ind2="0">
            <subfield code="6">245-01/$1</subfield>
            <subfield code="a">我所认识的孙逸仙 :</subfield>
            <subfield code="b">童年朋友陆灿的回忆 /</subfield>
            <subfield code="c">著陆灿, Betty Tebbetts Taylor ; 译黄健敏 ; 校欧冬红.</subfield>
          </datafield>
          <datafield tag="250" ind1=" " ind2=" ">
            <subfield code="6">880-02</subfield>
            <subfield code="a">Di 1 ban.</subfield>
          </datafield>
          <datafield tag="880" ind1=" " ind2=" ">
            <subfield code="6">250-02/$1</subfield>
            <subfield code="a">第1版.</subfield>
          </datafield>
          <datafield tag="260" ind1=" " ind2=" ">
            <subfield code="6">880-03</subfield>
            <subfield code="a">Beijing :</subfield>
            <subfield code="b">Wen wu chu ban she,</subfield>
            <subfield code="c">2008.</subfield>
          </datafield>
          <datafield tag="880" ind1=" " ind2=" ">
            <subfield code="6">260-03/$1</subfield>
            <subfield code="a">北京 :</subfield>
            <subfield code="b">文物出版社,</subfield>
            <subfield code="c">2008.</subfield>
          </datafield>
          <datafield tag="300" ind1=" " ind2=" ">
            <subfield code="a">5, 221 p., [6] p. of plates :</subfield>
            <subfield code="b">ill. ;</subfield>
            <subfield code="c">22 cm.</subfield>
          </datafield>
          <datafield tag="490" ind1="0" ind2=" ">
            <subfield code="6">880-04</subfield>
            <subfield code="a">Sun Zhongshan yu Cuiheng li shi wen hua cong shu</subfield>
          </datafield>
          <datafield tag="880" ind1="0" ind2=" ">
            <subfield code="6">490-04/$1</subfield>
            <subfield code="a">孙中山与翠亨历史文化丛书</subfield>
          </datafield>
          <datafield tag="546" ind1=" " ind2=" ">
            <subfield code="a">Chinese and English.</subfield>
          </datafield>
          <datafield tag="504" ind1=" " ind2=" ">
            <subfield code="a">Includes bibliographical references.</subfield>
          </datafield>
          <datafield tag="600" ind1="1" ind2="0">
            <subfield code="a">Sun, Yat-sen,</subfield>
            <subfield code="d">1866-1925.</subfield>
          </datafield>
          <datafield tag="650" ind1=" " ind2="0">
            <subfield code="a">Presidents</subfield>
            <subfield code="z">China</subfield>
            <subfield code="v">Biography.</subfield>
          </datafield>
          <datafield tag="700" ind1="1" ind2=" ">
            <subfield code="a">Tebbetts-Taylor, Elizabeth.</subfield>
          </datafield>
          <datafield tag="700" ind1="1" ind2=" ">
            <subfield code="6">700-05</subfield>
            <subfield code="a">Ou, Donghong.</subfield>
          </datafield>
          <datafield tag="880" ind1="1" ind2=" ">
            <subfield code="6">700-05/$1</subfield>
            <subfield code="a">欧冬红.</subfield>
          </datafield>
          <datafield tag="923" ind1=" " ind2=" ">
            <subfield code="d">20090710</subfield>
            <subfield code="n">US012090145</subfield>
            <subfield code="s">CNP</subfield>
          </datafield>
          <datafield tag="985" ind1=" " ind2=" ">
            <subfield code="a">CNP load</subfield>
            <subfield code="d">2009-07-11</subfield>
          </datafield>
        </record>
      </zs:recordData>
      <zs:recordPosition>58</zs:recordPosition>
    </zs:record>