
    <zs:record>
      <zs:recordSchema/>
      <zs:recordPacking>xml</zs:recordPacking>
      <zs:recordData>
        <record xmlns="http://www.loc.gov/MARC21/slim">
          <leader>03975cam a22004095i 4500</leader>
          <controlfield tag="001">23307388</controlfield>
          <controlfield tag="005">20240214113039.0</controlfield>
          <controlfield tag="008">230905s2023    wau    j      000 0 eng  </controlfield>
          <datafield tag="906" ind1=" " ind2=" ">
            <subfield code="a">0</subfield>
            <subfield code="b">ibc</subfield>
            <subfield code="c">orignew</subfield>
            <subfield code="d">3</subfield>
            <subfield code="e">epcn</subfield>
            <subfield code="f">20</subfield>
            <subfield code="g">y-gencatlg</subfield>
          </datafield>
          <datafield tag="925" ind1="0" ind2=" ">
            <subfield code="a">acquire</subfield>
            <subfield code="b">1 shelf copy</subfield>
            <subfield code="x">Sel/ddw, 2024-02-14</subfield>
          </datafield>
          <datafield tag="955" ind1=" " ind2=" ">
            <subfield code="b">xd09 2023-09-05</subfield>
          </datafield>
          <datafield tag="010" ind1=" " ind2=" ">
            <subfield code="a">  2023916922</subfield>
          </datafield>
          <datafield tag="020" ind1=" " ind2=" ">
            <subfield code="a">9798860049833</subfield>
            <subfield code="q">(paperback)</subfield>
          </datafield>
          <datafield tag="040" ind1=" " ind2=" ">
            <subfield code="a">DLC</subfield>
            <subfield code="b">eng</subfield>
            <subfield code="e">rda</subfield>
            <subfield code="c">DLC</subfield>
          </datafield>
          <datafield tag="042" ind1=" " ind2=" ">
            <subfield code="a">pcc</subfield>
          </datafield>
          <datafield tag="100" ind1="1" ind2=" ">
            <subfield code="a">Phillips, April,</subfield>
            <subfield code="e">author.</subfield>
          </datafield>
          <datafield tag="245" ind1="1" ind2="0">
            <subfield code="a">Stories from Ethiopia: volume 5 :</subfield>
            <subfield code="b">tails, paws, wings and beaks in English and Amharic /</subfield>
            <subfield code="c">April Phillips, April Phillips, Caroline Kurtz, Jane Kurtz, Kenny Rasmussen, Yoseph Ayalew, Mastewal Abera, Woubeshet Ayenew, Elizabeth Spor Taylor, Daniel Getahun, Alem Eshetu Beyene, Beth Crow.</subfield>
          </datafield>
          <datafield tag="263" ind1=" " ind2=" ">
            <subfield code="a">2310</subfield>
          </datafield>
          <datafield tag="264" ind1=" " ind2="1">
            <subfield code="a">Seattle :</subfield>
            <subfield code="b">Ready Set Go Books,</subfield>
            <subfield code="c">2023.</subfield>
          </datafield>
          <datafield tag="300" ind1=" " ind2=" ">
            <subfield code="a">pages cm</subfield>
          </datafield>
          <datafield tag="336" ind1=" " ind2=" ">
            <subfield code="a">text</subfield>
            <subfield code="b">txt</subfield>
            <subfield code="2">rdacontent</subfield>
          </datafield>
          <datafield tag="337" ind1=" " ind2=" ">
            <subfield code="a">unmediated</subfield>
            <subfield code="b">n</subfield>
            <subfield code="2">rdamedia</subfield>
          </datafield>
          <datafield tag="338" ind1=" " ind2=" ">
            <subfield code="a">volume</subfield>
            <subfield code="b">nc</subfield>
            <subfield code="2">rdacarrier</subfield>
          </datafield>
          <datafield tag="520" ind1=" " ind2=" ">
            <subfield code="a">"We rely on volunteers to illustrate most of our books. April Phillips has illustrated a number of our favorite books. We are delighted to offer readers a chance to enjoy a number of her titles in this compilation. From April Phillips: My journey to becoming a professional artist goes back to the beginning. One of my first memories as a child was drawing crayon pictures of cats on our hallway wall. I probably got in trouble for that, but I also knew deep inside my mother was very pleased that I displaying an early talent, as she was an extremely talented artist her-self. Growing up I would sit by her side and watch in awe as she would make a blank page come to life with just a pencil or paintbrush. It was her enthusiasm and encouragement through the years that lead me to become an art major in college. I graduated with a BFA in graphic design and shortly thereafter moved to San Francisco and enjoyed a career as an advertising art director. After many years of working in the field, I was able to return to my fine art roots and I dove into the study of academic drawing, oil painting, and figurative sculpture. In addition, when my boys were young, I established and taught an after-school art pro-gram for elementary school students where I had the pleasure of passing my enthusiasm for creating art to the next generation. I was introduced to Open Hearts Big Dreams through my twin boys basketball coach, Michael Angelidis, whose daughter Leyla was the inspiration for all these efforts. I then met Jane Kurtz, OHBD Creative lead, who grew up in Ethiopia and showed me how my creativity and artistic skills could impact the lives of children on the other side of the world. My eyes were opened to the challenges the country Ethiopia experiences with literacy and the inequity of opportunity compared to where I live. The Angelidis family, Jane Kurtz and other OHBD team members I met taught me that part of the problem was the complete lack of children's early reader books in Ethiopian kids' first language. In the business world I had created art to sell products. But donating my art to create books that could inspire a child to learn to read, and perhaps change the story of their lives, has been much more meaningful to me. And, when I have the opportunity to see a photo of a precious Ethiopian child looking intently through one of my books, it's amazingly satisfying"--</subfield>
            <subfield code="c">Provided by publisher.</subfield>
          </datafield>
          <datafield tag="521" ind1=" " ind2=" ">
            <subfield code="a">Ages 7-9</subfield>
            <subfield code="b">Ready Set Go Books</subfield>
          </datafield>
          <datafield tag="521" ind1=" " ind2=" ">
            <subfield code="a">Grades 2-3</subfield>
            <subfield code="b">Ready Set Go Books</subfield>
          </datafield>
          <datafield tag="700" ind1="1" ind2=" ">
            <subfield code="a">Phillips, April,</subfield>
            <subfield code="e">illustrator.</subfield>
          </datafield>
          <datafield tag="700" ind1="1" ind2=" ">
            <subfield code="a">Kurtz, Caroline,</subfield>
            <subfield code="e">editor.</subfield>
          </datafield>
          <datafield tag="700" ind1="1" ind2=" ">
            <subfield code="a">Kurtz, Jane,</subfield>
            <subfield code="e">editor.</subfield>
          </datafield>
          <datafield tag="700" ind1="1" ind2=" ">
            <subfield code="a">Rasmussen, Kenny,</subfield>
            <subfield code="e">editor.</subfield>
          </datafield>
          <datafield tag="700" ind1="1" ind2=" ">
            <subfield code="a">Ayalew, Yoseph,</subfield>
            <subfield code="e">translator.</subfield>
          </datafield>
          <datafield tag="700" ind1="1" ind2=" ">
            <subfield code="a">Abera, Mastewal,</subfield>
            <subfield code="e">editor.</subfield>
          </datafield>
          <datafield tag="700" ind1="1" ind2=" ">
            <subfield code="a">Ayenew, Woubeshet,</subfield>
            <subfield code="e">editor.</subfield>
          </datafield>
          <datafield tag="700" ind1="1" ind2=" ">
            <subfield code="a">Taylor, Elizabeth Spor,</subfield>
            <subfield code="e">author.</subfield>
          </datafield>
          <datafield tag="700" ind1="1" ind2=" ">
            <subfield code="a">Getahun, Daniel,</subfield>
            <subfield code="e">illustrator.</subfield>
          </datafield>
          <datafield tag="700" ind1="1" ind2=" ">
            <subfield code="a">Eshetu Beyene, Alem,</subfield>
            <subfield code="e">translator.</subfield>
          </datafield>
          <datafield tag="700" ind1="1" ind2=" ">
            <subfield code="a">Crow, Beth,</subfield>
            <subfield code="e">other.</subfield>
          </datafield>
        </record>
      </zs:recordData>
      <zs:recordPosition>63</zs:recordPosition>
    </zs:record>