
    <zs:record>
      <zs:recordSchema/>
      <zs:recordPacking>xml</zs:recordPacking>
      <zs:recordData>
        <record xmlns="http://www.loc.gov/MARC21/slim">
          <leader>02260cam a22004455a 4500</leader>
          <controlfield tag="001">22891995</controlfield>
          <controlfield tag="005">20221205145400.0</controlfield>
          <controlfield tag="008">221205r20061945enkc          000 1 eng  </controlfield>
          <datafield tag="906" ind1=" " ind2=" ">
            <subfield code="a">0</subfield>
            <subfield code="b">ibc</subfield>
            <subfield code="c">copycat</subfield>
            <subfield code="d">2</subfield>
            <subfield code="e">ncip</subfield>
            <subfield code="f">20</subfield>
            <subfield code="g">y-gencatlg</subfield>
          </datafield>
          <datafield tag="925" ind1="0" ind2=" ">
            <subfield code="a">acquire</subfield>
            <subfield code="b">1 shelf copy</subfield>
            <subfield code="x">policy default</subfield>
          </datafield>
          <datafield tag="955" ind1=" " ind2=" ">
            <subfield code="b">xn18 2022-12-05 z-processor to USPRLL</subfield>
          </datafield>
          <datafield tag="010" ind1=" " ind2=" ">
            <subfield code="a">  2022289994</subfield>
          </datafield>
          <datafield tag="020" ind1=" " ind2=" ">
            <subfield code="a">9781844083091</subfield>
            <subfield code="q">(pbk.)</subfield>
          </datafield>
          <datafield tag="035" ind1=" " ind2=" ">
            <subfield code="a">(OCoLC)ocm62796704</subfield>
          </datafield>
          <datafield tag="040" ind1=" " ind2=" ">
            <subfield code="a">UKM</subfield>
            <subfield code="b">eng</subfield>
            <subfield code="c">UKM</subfield>
            <subfield code="d">BAKER</subfield>
            <subfield code="d">VP@</subfield>
            <subfield code="d">YDXCP</subfield>
            <subfield code="d">BTCTA</subfield>
            <subfield code="d">AXJ</subfield>
            <subfield code="d">COH</subfield>
            <subfield code="d">SEO</subfield>
            <subfield code="d">DEBBG</subfield>
            <subfield code="d">OCLCQ</subfield>
            <subfield code="d">BDX</subfield>
            <subfield code="d">OCLCO</subfield>
            <subfield code="d">OCLCF</subfield>
            <subfield code="d">OCLCO</subfield>
            <subfield code="d">OCLCQ</subfield>
            <subfield code="d">OCL</subfield>
            <subfield code="d">LIP</subfield>
            <subfield code="d">JDP</subfield>
            <subfield code="d">OCLCO</subfield>
            <subfield code="d">UKMGB</subfield>
            <subfield code="d">OCL</subfield>
            <subfield code="d">OCLCO</subfield>
            <subfield code="d">DLC</subfield>
          </datafield>
          <datafield tag="042" ind1=" " ind2=" ">
            <subfield code="a">ukblsr</subfield>
            <subfield code="a">lccopycat</subfield>
          </datafield>
          <datafield tag="043" ind1=" " ind2=" ">
            <subfield code="a">e-uk-en</subfield>
          </datafield>
          <datafield tag="082" ind1="0" ind2="4">
            <subfield code="a">823.914</subfield>
            <subfield code="2">22</subfield>
          </datafield>
          <datafield tag="097" ind1="0" ind2="0">
            <subfield code="a">PR6039.A928</subfield>
            <subfield code="b">A7 2006</subfield>
          </datafield>
          <datafield tag="100" ind1="1" ind2=" ">
            <subfield code="a">Taylor, Elizabeth,</subfield>
            <subfield code="d">1912-1975.</subfield>
          </datafield>
          <datafield tag="245" ind1="1" ind2="0">
            <subfield code="a">At Mrs Lippincote's /</subfield>
            <subfield code="c">Elizabeth Taylor ; with an introduction by Valerie Martin.</subfield>
          </datafield>
          <datafield tag="260" ind1=" " ind2=" ">
            <subfield code="a">London :</subfield>
            <subfield code="b">Virago,</subfield>
            <subfield code="c">2006.</subfield>
          </datafield>
          <datafield tag="300" ind1=" " ind2=" ">
            <subfield code="a">xii, 214 pages :</subfield>
            <subfield code="b">portrait ;</subfield>
            <subfield code="c">20 cm.</subfield>
          </datafield>
          <datafield tag="336" ind1=" " ind2=" ">
            <subfield code="a">text</subfield>
            <subfield code="b">txt</subfield>
            <subfield code="2">rdacontent</subfield>
          </datafield>
          <datafield tag="337" ind1=" " ind2=" ">
            <subfield code="a">unmediated</subfield>
            <subfield code="b">n</subfield>
            <subfield code="2">rdamedia</subfield>
          </datafield>
          <datafield tag="338" ind1=" " ind2=" ">
            <subfield code="a">volume</subfield>
            <subfield code="b">nc</subfield>
            <subfield code="2">rdacarrier</subfield>
          </datafield>
          <datafield tag="490" ind1="1" ind2=" ">
            <subfield code="a">Virago modern classics ;</subfield>
            <subfield code="v">278</subfield>
          </datafield>
          <datafield tag="500" ind1=" " ind2=" ">
            <subfield code="a">Originally published: London : Peter Davies, 1945.</subfield>
          </datafield>
          <datafield tag="520" ind1=" " ind2=" ">
            <subfield code="a">Mrs. Lippincote's house, with its mahogany furniture and yellowing photographs, stands as a reminder of all the certainties that have vanished with the advent of war. Temporarily, this is home for Julia, who has joined her husband Roddy at the behest of the RAF. Although she can accept the pomposities of service life, Julia's honesty and sense of humor prevent her from taking her role as seriously as her husband might wish; for Roddy, merely love cannot suffice--he needs homage as well as admiration. And Julia, while she may be a most unsatisfactory officer's wife, is certainly no hypocrite.</subfield>
          </datafield>
          <datafield tag="650" ind1=" " ind2="0">
            <subfield code="a">World War, 1939-1945</subfield>
            <subfield code="z">England</subfield>
            <subfield code="v">Fiction.</subfield>
          </datafield>
          <datafield tag="650" ind1=" " ind2="0">
            <subfield code="a">Married people</subfield>
            <subfield code="v">Fiction.</subfield>
          </datafield>
          <datafield tag="655" ind1=" " ind2="7">
            <subfield code="a">novels.</subfield>
            <subfield code="2">aat</subfield>
          </datafield>
          <datafield tag="650" ind1=" " ind2="7">
            <subfield code="a">Married people.</subfield>
            <subfield code="2">fast</subfield>
            <subfield code="0">(OCoLC)fst01010656</subfield>
          </datafield>
          <datafield tag="651" ind1=" " ind2="7">
            <subfield code="a">England.</subfield>
            <subfield code="2">fast</subfield>
            <subfield code="0">(OCoLC)fst01219920</subfield>
          </datafield>
          <datafield tag="647" ind1=" " ind2="7">
            <subfield code="a">World War</subfield>
            <subfield code="d">(1939-1945)</subfield>
            <subfield code="2">fast</subfield>
            <subfield code="0">(OCoLC)fst01180924</subfield>
          </datafield>
          <datafield tag="648" ind1=" " ind2="7">
            <subfield code="a">1939-1945</subfield>
            <subfield code="2">fast</subfield>
          </datafield>
          <datafield tag="655" ind1=" " ind2="7">
            <subfield code="a">Fiction.</subfield>
            <subfield code="2">fast</subfield>
            <subfield code="0">(OCoLC)fst01423787</subfield>
          </datafield>
          <datafield tag="655" ind1=" " ind2="7">
            <subfield code="a">Fiction.</subfield>
            <subfield code="2">lcgft</subfield>
          </datafield>
          <datafield tag="655" ind1=" " ind2="7">
            <subfield code="a">Novels.</subfield>
            <subfield code="2">lcgft</subfield>
          </datafield>
          <datafield tag="830" ind1=" " ind2="0">
            <subfield code="a">Virago modern classics ;</subfield>
            <subfield code="v">278.</subfield>
          </datafield>
        </record>
      </zs:recordData>
      <zs:recordPosition>85</zs:recordPosition>
    </zs:record>