
    <zs:record>
      <zs:recordSchema/>
      <zs:recordPacking>xml</zs:recordPacking>
      <zs:recordData>
        <record xmlns="http://www.loc.gov/MARC21/slim">
          <leader>00935cam a2200289 i 4500</leader>
          <controlfield tag="001">4131098</controlfield>
          <controlfield tag="005">20200117145442.0</controlfield>
          <controlfield tag="008">761110s1976    enk           000 1 eng  </controlfield>
          <datafield tag="906" ind1=" " ind2=" ">
            <subfield code="a">7</subfield>
            <subfield code="b">cbc</subfield>
            <subfield code="c">orignew</subfield>
            <subfield code="d">3</subfield>
            <subfield code="e">ncip</subfield>
            <subfield code="f">19</subfield>
            <subfield code="g">y-gencatlg</subfield>
          </datafield>
          <datafield tag="035" ind1=" " ind2=" ">
            <subfield code="9">(DLC)   76379533</subfield>
          </datafield>
          <datafield tag="010" ind1=" " ind2=" ">
            <subfield code="a">   76379533 </subfield>
          </datafield>
          <datafield tag="015" ind1=" " ind2=" ">
            <subfield code="a">GB***</subfield>
          </datafield>
          <datafield tag="020" ind1=" " ind2=" ">
            <subfield code="a">0701121696 :</subfield>
            <subfield code="c">3.50</subfield>
          </datafield>
          <datafield tag="040" ind1=" " ind2=" ">
            <subfield code="a">DLC</subfield>
            <subfield code="b">eng</subfield>
            <subfield code="c">DLC</subfield>
            <subfield code="d">DLC</subfield>
          </datafield>
          <datafield tag="050" ind1="0" ind2="0">
            <subfield code="a">PZ3.T21373</subfield>
            <subfield code="b">Bk</subfield>
            <subfield code="a">PR6039.A928</subfield>
          </datafield>
          <datafield tag="051" ind1=" " ind2=" ">
            <subfield code="a">PR6039.A928</subfield>
            <subfield code="b">B54 1976b</subfield>
          </datafield>
          <datafield tag="082" ind1="0" ind2="0">
            <subfield code="a">823/.9/14</subfield>
          </datafield>
          <datafield tag="100" ind1="1" ind2=" ">
            <subfield code="a">Taylor, Elizabeth,</subfield>
            <subfield code="d">1912-1975.</subfield>
          </datafield>
          <datafield tag="245" ind1="1" ind2="0">
            <subfield code="a">Blaming /</subfield>
            <subfield code="c">by Elizabeth Taylor.</subfield>
          </datafield>
          <datafield tag="260" ind1=" " ind2=" ">
            <subfield code="a">London :</subfield>
            <subfield code="b">Chatto &amp; Windus,</subfield>
            <subfield code="c">1976.</subfield>
          </datafield>
          <datafield tag="300" ind1=" " ind2=" ">
            <subfield code="a">190 p. :</subfield>
            <subfield code="b">21 cm.</subfield>
          </datafield>
          <datafield tag="952" ind1=" " ind2=" ">
            <subfield code="a">RSL Card has both call #'s printed.</subfield>
          </datafield>
          <datafield tag="952" ind1=" " ind2=" ">
            <subfield code="a">LAC sba 2020-01-17 update (1 card)</subfield>
          </datafield>
          <datafield tag="984" ind1=" " ind2=" ">
            <subfield code="a">rsl</subfield>
            <subfield code="d">2020-01-17</subfield>
          </datafield>
          <datafield tag="985" ind1=" " ind2=" ">
            <subfield code="a">rblacfederal</subfield>
            <subfield code="d">20200117</subfield>
          </datafield>
          <datafield tag="987" ind1=" " ind2=" ">
            <subfield code="b">RBSCDRECON</subfield>
            <subfield code="c">20200117</subfield>
            <subfield code="d">r</subfield>
            <subfield code="f">CALL NUMBER DISCREPANCY</subfield>
          </datafield>
          <datafield tag="991" ind1=" " ind2=" ">
            <subfield code="b">c-GenColl</subfield>
            <subfield code="h">PZ3.T21373</subfield>
            <subfield code="i">Bk</subfield>
            <subfield code="p">00023168182</subfield>
            <subfield code="t">Copy 1</subfield>
            <subfield code="w">BOOKS</subfield>
          </datafield>
        </record>
      </zs:recordData>
      <zs:recordPosition>87</zs:recordPosition>
    </zs:record>