
    <zs:record>
      <zs:recordSchema/>
      <zs:recordPacking>xml</zs:recordPacking>
      <zs:recordData>
        <record xmlns="http://www.loc.gov/MARC21/slim">
          <leader>00635cam a2200217   4500</leader>
          <controlfield tag="001">769338</controlfield>
          <controlfield tag="005">20011127113529.0</controlfield>
          <controlfield tag="008">710202s1968    enk           000 1 eng  </controlfield>
          <datafield tag="035" ind1=" " ind2=" ">
            <subfield code="9">(DLC)   71529955</subfield>
          </datafield>
          <datafield tag="906" ind1=" " ind2=" ">
            <subfield code="a">7</subfield>
            <subfield code="b">cbc</subfield>
            <subfield code="c">orignew</subfield>
            <subfield code="d">4</subfield>
            <subfield code="e">ncip</subfield>
            <subfield code="f">19</subfield>
            <subfield code="g">y-gencatlg</subfield>
          </datafield>
          <datafield tag="010" ind1=" " ind2=" ">
            <subfield code="a">   71529955 </subfield>
          </datafield>
          <datafield tag="015" ind1=" " ind2=" ">
            <subfield code="a">B68-10323</subfield>
          </datafield>
          <datafield tag="020" ind1=" " ind2=" ">
            <subfield code="a">0432161546</subfield>
          </datafield>
          <datafield tag="040" ind1=" " ind2=" ">
            <subfield code="a">DLC</subfield>
            <subfield code="c">DLC</subfield>
            <subfield code="d">DLC</subfield>
          </datafield>
          <datafield tag="050" ind1="0" ind2="0">
            <subfield code="a">PZ3.T21373</subfield>
            <subfield code="b">Gam4</subfield>
            <subfield code="a">PR6039.A928</subfield>
          </datafield>
          <datafield tag="100" ind1="1" ind2=" ">
            <subfield code="a">Taylor, Elizabeth,</subfield>
            <subfield code="d">1912-1975.</subfield>
          </datafield>
          <datafield tag="245" ind1="1" ind2="2">
            <subfield code="a">A game of hide-and-seek.</subfield>
          </datafield>
          <datafield tag="260" ind1=" " ind2=" ">
            <subfield code="a">London,</subfield>
            <subfield code="b">P. Davies,</subfield>
            <subfield code="c">1968.</subfield>
          </datafield>
          <datafield tag="300" ind1=" " ind2=" ">
            <subfield code="a">[4], 260 p.</subfield>
            <subfield code="c">20 cm.</subfield>
          </datafield>
          <datafield tag="350" ind1=" " ind2=" ">
            <subfield code="a">30/-</subfield>
          </datafield>
          <datafield tag="991" ind1=" " ind2=" ">
            <subfield code="b">c-GenColl</subfield>
            <subfield code="h">PZ3.T21373</subfield>
            <subfield code="i">Gam4</subfield>
            <subfield code="p">00004228947</subfield>
            <subfield code="t">Copy 1</subfield>
            <subfield code="w">BOOKS</subfield>
          </datafield>
        </record>
      </zs:recordData>
      <zs:recordPosition>97</zs:recordPosition>
    </zs:record>